uid,src_ip,dst_ip,predicted_label,actual_label,ts,service,flow_duration,fwd_pkts_tot,bwd_pkts_tot,fwd_data_pkts_tot,bwd_data_pkts_tot,fwd_pkts_per_sec,bwd_pkts_per_sec,flow_pkts_per_sec,down_up_ratio,fwd_header_size_tot,fwd_header_size_min,fwd_header_size_max,bwd_header_size_tot,bwd_header_size_min,bwd_header_size_max,flow_FIN_flag_count,flow_SYN_flag_count,flow_RST_flag_count,fwd_PSH_flag_count,bwd_PSH_flag_count,flow_ACK_flag_count,payload_bytes_per_second,fwd_init_window_size,bwd_init_window_size,fwd_last_window_size,bwd_last_window_size,traffic_direction,attack,attack_type
b_C9j1Li3AIJriUqkk95,192.168.100.49,192.168.100.218,1,0,2023-07-05 09:13:53.090558976,http,0.461111,11.0,10.0,4.0,4.0,23.855424,21.686749,45.542173,0.909091,360.0,32.0,40.0,328.0,32.0,40.0,2.0,2.0,0.0,4.0,4.0,20.0,17314.700387,64896.0,64320.0,502.0,502.0,client->server,0,benign
b_CaAvr11P7Vl9riuPsc,192.168.100.49,142.251.209.138,1,0,2023-07-08 14:11:12.812645888,http,1.406731,7.0,6.0,1.0,2.0,4.976075,4.265207,9.241283,0.857143,232.0,32.0,40.0,200.0,32.0,40.0,2.0,2.0,0.0,1.0,2.0,12.0,700.915747,64896.0,65535.0,503.0,261.0,client->internet,0,benign
b_CbBnRz4mlSytz5vZe,192.168.100.99,185.125.188.59,1,0,2023-09-04 13:56:08.542653184,ssl,5.534582,11.0,11.0,4.0,7.0,1.987503,1.987503,3.975007,1.0,360.0,32.0,40.0,348.0,20.0,40.0,2.0,2.0,1.0,4.0,7.0,20.0,1176.96334,64896.0,62230.0,502.0,0.0,client->internet,0,benign
CCHkgG1Znahc0cXde4,192.168.100.218,192.168.100.49,1,0,2023-09-06 16:02:44.293561088,,0.000346,1.0,1.0,0.0,0.0,2890.62991,2890.62991,5781.259821,1.0,40.0,40.0,40.0,20.0,20.0,20.0,0.0,1.0,1.0,0.0,0.0,1.0,0.0,64896.0,0.0,64896.0,0.0,server->client,0,benign
C8Qzokf7aD2YpPB96,192.168.100.218,192.168.100.49,1,0,2023-09-09 21:16:24.195430144,,0.00024,1.0,1.0,0.0,0.0,4169.28827,4169.28827,8338.576541,1.0,40.0,40.0,40.0,20.0,20.0,20.0,0.0,1.0,1.0,0.0,0.0,1.0,0.0,64896.0,0.0,64896.0,0.0,server->client,0,benign
b_C327Mt3zl7SiFYt88b,192.168.100.104,192.168.100.218,1,0,2023-07-05 16:56:36.956992000,http,0.038008,10.0,10.0,3.0,7.0,263.10268,263.10268,526.205361,1.0,340.0,32.0,44.0,328.0,32.0,40.0,2.0,2.0,0.0,3.0,7.0,19.0,532730.307257,64896.0,64320.0,502.0,502.0,client->server,0,benign
b_CZOqha4UM8SQVq8mX3,192.168.100.31,23.206.22.237,1,0,2023-07-21 08:19:29.723875072,ssl,11.932726,10.0,12.0,2.0,7.0,0.838031,1.005638,1.843669,1.2,328.0,32.0,40.0,392.0,32.0,40.0,2.0,2.0,0.0,2.0,7.0,21.0,630.702495,64896.0,65160.0,502.0,506.0,client->internet,0,benign
b_CIfGt0148i1dDmP3r3,192.168.100.31,151.101.65.164,1,0,2023-07-21 04:18:46.510808832,ssl,0.072578,7.0,6.0,1.0,2.0,96.448021,82.669733,179.117754,0.857143,232.0,32.0,40.0,200.0,32.0,40.0,2.0,2.0,0.0,1.0,2.0,12.0,64248.160571,64896.0,65535.0,502.0,285.0,client->internet,0,benign
b_C3IiEW2yorbIw6xTDi,192.168.100.104,192.168.100.218,1,0,2023-07-21 20:00:36.394920192,ssl,0.064556,8.0,7.0,3.0,3.0,123.923639,108.433184,232.356823,0.875,264.0,32.0,40.0,232.0,32.0,40.0,2.0,2.0,0.0,3.0,3.0,14.0,31894.846625,64896.0,64320.0,502.0,502.0,client->server,0,benign
CJJqTw21XGE66FK91b,192.168.100.218,192.168.100.104,1,0,2023-09-07 09:58:04.044434176,,0.000415,1.0,1.0,0.0,0.0,2410.51954,2410.51954,4821.03908,1.0,40.0,40.0,40.0,20.0,20.0,20.0,0.0,1.0,1.0,0.0,0.0,1.0,0.0,64896.0,0.0,64896.0,0.0,server->client,0,benign
b_CikXlL1VYUlGubWt5f,192.168.100.99,130.211.44.5,1,0,2023-07-20 04:37:13.791117824,ssl,3.205185,11.0,10.0,3.0,4.0,3.431939,3.119945,6.551884,0.909091,360.0,32.0,40.0,328.0,32.0,40.0,2.0,2.0,0.0,3.0,4.0,20.0,2818.869896,64896.0,65535.0,502.0,282.0,client->internet,0,benign
Cv2H7h4FJxYEEOqO8j,192.168.100.218,192.168.100.104,1,0,2023-09-07 09:58:19.992360960,,0.001307,1.0,1.0,0.0,0.0,765.104706,765.104706,1530.209413,1.0,40.0,40.0,40.0,20.0,20.0,20.0,0.0,1.0,1.0,0.0,0.0,1.0,0.0,64896.0,0.0,64896.0,0.0,server->client,0,benign
b_CvAYMu45c3tsVNfNc,192.168.100.49,92.123.45.16,1,0,2023-07-08 06:45:18.834386176,ssl,13.859226,11.0,10.0,2.0,4.0,0.793695,0.721541,1.515236,0.909091,360.0,32.0,40.0,336.0,32.0,40.0,2.0,3.0,0.0,2.0,4.0,20.0,96.902958,64896.0,65160.0,503.0,505.0,client->internet,0,benign
CUffde4BcWsgwIoOvg,192.168.100.218,192.168.100.31,1,0,2023-09-07 03:51:17.435770112,,0.000334,1.0,1.0,0.0,0.0,2993.793005,2993.793005,5987.58601,1.0,40.0,40.0,40.0,20.0,20.0,20.0,0.0,1.0,1.0,0.0,0.0,1.0,0.0,64896.0,0.0,64896.0,0.0,server->client,0,benign
b_CfxeNy4P71Oo72l6M7,192.168.100.31,192.168.100.218,1,0,2023-07-19 00:54:44.842760192,http,0.536887,12.0,12.0,6.0,5.0,22.351075,22.351075,44.70215,1.0,392.0,32.0,40.0,392.0,32.0,40.0,2.0,2.0,0.0,6.0,5.0,23.0,21950.618149,64896.0,64320.0,502.0,502.0,client->server,0,benign
CCvjApo7LuSDsleeh,192.168.100.218,192.168.100.23,1,0,2023-09-07 13:24:53.614851840,,0.000916,1.0,1.0,0.0,0.0,1091.698074,1091.698074,2183.396148,1.0,40.0,40.0,40.0,20.0,20.0,20.0,0.0,1.0,1.0,0.0,0.0,1.0,0.0,64896.0,0.0,64896.0,0.0,server->client,0,benign
b_Cm0cCv16X0d3zohvh8,192.168.100.104,192.168.100.218,1,0,2023-07-08 19:24:40.763281152,http,0.552451,12.0,11.0,5.0,4.0,21.721388,19.911272,41.632659,0.916667,392.0,32.0,40.0,360.0,32.0,40.0,2.0,2.0,0.0,5.0,4.0,22.0,17579.842991,64896.0,64320.0,502.0,502.0,client->server,0,benign
b_CAk5no3Zycliudgdva,192.168.100.115,192.168.100.218,1,0,2023-07-05 03:38:13.293479936,ssl,10.337854,10.0,9.0,3.0,6.0,0.967319,0.870587,1.837906,0.9,328.0,32.0,40.0,296.0,32.0,40.0,2.0,2.0,0.0,3.0,6.0,18.0,3127.631667,64896.0,64320.0,502.0,502.0,client->server,0,benign
b_CoTz0534PNvwb29yNi,192.168.100.115,192.168.100.218,1,0,2023-07-05 16:57:43.957395200,http,0.57351,13.0,12.0,5.0,5.0,22.667437,20.923788,43.591224,0.923077,424.0,32.0,40.0,392.0,32.0,40.0,2.0,2.0,0.0,5.0,5.0,24.0,18217.644412,64896.0,64320.0,502.0,502.0,client->server,0,benign
CJdJPTxsZOJT6i037,192.168.100.218,192.168.100.104,1,0,2023-09-10 13:22:37.086817024,,0.001047,1.0,1.0,0.0,0.0,955.204737,955.204737,1910.409474,1.0,40.0,40.0,40.0,20.0,20.0,20.0,0.0,1.0,1.0,0.0,0.0,1.0,0.0,64896.0,0.0,64896.0,0.0,server->client,0,benign
b_CFCSPd2nyuMx4jZhTf,192.168.100.104,192.168.100.218,1,0,2023-07-19 09:42:28.759453952,http,0.29261,7.0,6.0,2.0,2.0,23.922633,20.505114,44.427747,0.857143,232.0,32.0,40.0,200.0,32.0,40.0,2.0,2.0,0.0,2.0,2.0,12.0,18167.531086,64896.0,64320.0,502.0,502.0,client->server,0,benign
b_CIdJPz4nGWxgf4rp2g,192.168.100.31,192.168.100.218,1,0,2023-07-08 04:52:14.012449024,http,0.388291,11.0,10.0,4.0,4.0,28.329277,25.753888,54.083165,0.909091,360.0,32.0,40.0,328.0,32.0,40.0,2.0,2.0,0.0,4.0,4.0,20.0,19822.767813,64896.0,64320.0,502.0,502.0,client->server,0,benign
CP31rD4dJki6e4WScl,192.168.100.218,192.168.100.23,1,0,2023-09-07 13:34:45.243810816,,0.000995,1.0,1.0,0.0,0.0,1004.864399,1004.864399,2009.728797,1.0,40.0,40.0,40.0,20.0,20.0,20.0,0.0,1.0,1.0,0.0,0.0,1.0,0.0,64896.0,0.0,64896.0,0.0,server->client,0,benign
b_CWwBz1165qy2T4rjX6,192.168.100.31,192.168.100.218,1,0,2023-07-18 18:52:44.686451968,http,0.088982,7.0,6.0,2.0,2.0,78.667503,67.429288,146.096791,0.857143,232.0,32.0,40.0,200.0,32.0,40.0,2.0,2.0,0.0,2.0,2.0,12.0,22858.528624,64896.0,64320.0,503.0,502.0,client->server,0,benign
b_CKX1tw1RzoZWk0TWb7,192.168.100.99,130.211.44.5,1,0,2023-07-20 08:38:28.182974208,ssl,3.8138,11.0,11.0,3.0,5.0,2.884263,2.884263,5.768525,1.0,360.0,32.0,40.0,360.0,32.0,40.0,2.0,2.0,0.0,3.0,5.0,21.0,2540.773077,64896.0,65535.0,502.0,282.0,client->internet,0,benign
C0uReO5LQRqDTEcKa,192.168.100.218,192.168.100.23,1,0,2023-09-10 12:55:22.281356032,,0.000938,1.0,1.0,0.0,0.0,1066.167768,1066.167768,2132.335536,1.0,40.0,40.0,40.0,20.0,20.0,20.0,0.0,1.0,1.0,0.0,0.0,1.0,0.0,64896.0,0.0,64896.0,0.0,server->client,0,benign
C0sDzm1a2a52BSboSl,192.168.100.218,192.168.100.99,1,0,2023-09-08 10:43:03.827113984,,0.001003999,1.0,1.0,0.0,0.0,996.035146,996.035146,1992.070292,1.0,40.0,40.0,40.0,20.0,20.0,20.0,0.0,1.0,1.0,0.0,0.0,1.0,0.0,64896.0,0.0,64896.0,0.0,server->client,0,benign
b_C2yayFDpDRBoF6QTh,192.168.100.104,192.168.100.218,1,0,2023-07-18 14:22:12.453438976,ssl,0.022431,7.0,6.0,3.0,3.0,312.069556,267.488191,579.557747,0.857143,232.0,32.0,40.0,200.0,32.0,40.0,0.0,2.0,1.0,3.0,3.0,12.0,113414.993049,64896.0,64320.0,502.0,502.0,client->server,0,benign
b_CC1wh9J3L1vfxUXDl,192.168.100.31,192.168.100.218,1,0,2023-07-20 03:12:19.072451072,ssl,0.183917,9.0,9.0,4.0,5.0,48.935169,48.935169,97.870338,1.0,296.0,32.0,40.0,296.0,32.0,40.0,0.0,2.0,1.0,4.0,5.0,17.0,96625.20937,64896.0,64320.0,502.0,502.0,client->server,0,benign
b_Cd25J41Z2fHuhw5EL2,192.168.100.49,192.168.100.218,1,0,2023-07-21 22:55:49.329972992,http,1.078314,11.0,11.0,5.0,4.0,10.20111,10.20111,20.402219,1.0,360.0,32.0,40.0,360.0,32.0,40.0,2.0,2.0,0.0,5.0,4.0,21.0,10259.534165,64896.0,64320.0,502.0,502.0,client->server,0,benign
b_CfKOjGnlyAIpnmVoi,192.168.100.99,192.168.100.218,1,0,2023-07-18 18:40:53.160235008,ssl,0.025604,10.0,9.0,3.0,5.0,390.563828,351.507445,742.071272,0.9,328.0,32.0,40.0,296.0,32.0,40.0,2.0,2.0,0.0,3.0,5.0,18.0,769840.360403,64896.0,64320.0,502.0,502.0,client->server,0,benign
b_CNA8a222hsAinaD7E2,192.168.100.31,192.168.100.218,1,0,2023-07-08 13:07:10.671247104,http,0.009425,5.0,3.0,1.0,0.0,530.508209,318.304925,848.813134,0.6,168.0,32.0,40.0,104.0,32.0,40.0,2.0,2.0,0.0,1.0,0.0,7.0,95173.172649,64896.0,64320.0,507.0,502.0,client->server,0,benign
b_CBqpakwEfybLBp4Kc,192.168.100.49,141.95.98.65,1,0,2023-07-05 03:15:29.294590976,ssl,6.704157,12.0,11.0,3.0,8.0,1.789934,1.640773,3.430707,0.916667,404.0,32.0,44.0,360.0,32.0,40.0,2.0,2.0,1.0,3.0,8.0,22.0,924.053523,64896.0,65160.0,502.0,502.0,client->internet,0,benign
b_CeGupn3QLG5eB1FN29,192.168.100.31,20.10.16.51,1,0,2023-07-05 10:23:46.757692928,ssl,15.944463,11.0,10.0,3.0,6.0,0.689895,0.627177,1.317072,0.909091,360.0,32.0,40.0,328.0,32.0,40.0,1.0,2.0,1.0,3.0,6.0,20.0,463.358345,64896.0,65160.0,502.0,501.0,client->internet,0,benign
b_CkZkGd2fWbe1Fws4Ij,192.168.100.104,192.168.100.189,1,0,2023-09-12 22:55:14.093595136,ftp-data,0.017445,4.0,4.0,0.0,2.0,229.290912,229.290912,458.581823,1.0,136.0,32.0,40.0,136.0,32.0,40.0,2.0,2.0,0.0,0.0,2.0,7.0,225908.87063,64896.0,64320.0,502.0,503.0,client->server,0,benign
CqvClI1PiutWeGgQh3,192.168.100.218,192.168.100.49,1,0,2023-09-07 22:43:05.606749952,,0.00101,1.0,1.0,0.0,0.0,990.156752,990.156752,1980.313503,1.0,40.0,40.0,40.0,20.0,20.0,20.0,0.0,1.0,1.0,0.0,0.0,1.0,0.0,64896.0,0.0,64896.0,0.0,server->client,0,benign
CxP1Kv4OJfgLV5jURb,192.168.100.218,192.168.100.99,1,0,2023-09-08 10:43:04.375834112,,0.000255,1.0,1.0,0.0,0.0,3919.91028,3919.91028,7839.820561,1.0,40.0,40.0,40.0,20.0,20.0,20.0,0.0,1.0,1.0,0.0,0.0,1.0,0.0,64896.0,0.0,64896.0,0.0,server->client,0,benign
b_CYpEy72MP0GTyJYWs5,192.168.100.115,93.184.221.225,1,0,2023-07-08 02:42:35.749485056,ssl,0.071975,8.0,7.0,2.0,4.0,111.149716,97.256001,208.405717,0.875,264.0,32.0,40.0,232.0,32.0,40.0,2.0,2.0,0.0,2.0,4.0,14.0,71969.441079,64896.0,65535.0,502.0,133.0,client->internet,0,benign
b_CfciyBzINBpiD0YOa,192.168.100.99,192.168.100.218,1,0,2023-07-18 15:00:27.787802880,http,0.49514,9.0,9.0,4.0,3.0,18.176675,18.176675,36.353349,1.0,296.0,32.0,40.0,296.0,32.0,40.0,2.0,2.0,0.0,4.0,3.0,17.0,15248.210296,64896.0,64320.0,502.0,502.0,client->server,0,benign
CwzIan1plfSjpJnTZ7,192.168.100.218,192.168.100.104,1,0,2023-09-08 16:20:28.801814016,,0.001206,1.0,1.0,0.0,0.0,829.241597,829.241597,1658.483195,1.0,40.0,40.0,40.0,20.0,20.0,20.0,0.0,1.0,1.0,0.0,0.0,1.0,0.0,64896.0,0.0,64896.0,0.0,server->client,0,benign
b_C9o52f1aU4WypK9Bkd,192.168.100.23,192.168.100.218,1,0,2023-07-21 09:51:26.942404864,http,0.251351,8.0,7.0,3.0,2.0,31.827987,27.849488,59.677475,0.875,264.0,32.0,40.0,232.0,32.0,40.0,2.0,2.0,0.0,3.0,2.0,14.0,27129.380016,64896.0,64320.0,503.0,502.0,client->server,0,benign
b_CJ09j41T3bjB4kfXkk,192.168.100.99,23.213.161.223,1,0,2023-07-08 04:08:33.496155136,ssl,20.079996,10.0,9.0,2.0,4.0,0.498008,0.448207,0.946215,0.9,328.0,32.0,40.0,296.0,32.0,40.0,2.0,2.0,0.0,2.0,4.0,18.0,65.886468,64896.0,65160.0,503.0,505.0,client->internet,0,benign
b_CP637w4PRmR4MrYyg2,192.168.100.49,192.168.100.218,1,0,2023-07-21 22:11:56.869545984,http,0.628717,13.0,13.0,6.0,5.0,20.677031,20.677031,41.354063,1.0,424.0,32.0,40.0,424.0,32.0,40.0,2.0,2.0,0.0,6.0,5.0,25.0,17620.011798,64896.0,64320.0,502.0,502.0,client->server,0,benign
b_CCsq7Hw8cyFALHhdg,192.168.100.49,192.168.100.189,1,0,2023-09-12 21:31:37.881305856,ftp-data,0.004107,3.0,3.0,0.0,1.0,730.460467,730.460467,1460.920933,1.0,104.0,32.0,40.0,104.0,32.0,40.0,2.0,2.0,0.0,0.0,1.0,5.0,92281.505631,64896.0,64320.0,505.0,503.0,client->server,0,benign
b_CGF4HU1doZoTbbNEck,192.168.100.23,192.168.100.218,1,0,2023-07-18 21:08:32.071154944,http,0.530398999,9.0,10.0,4.0,4.0,16.968363,18.853736,35.822099,1.111111,296.0,32.0,40.0,328.0,32.0,40.0,2.0,2.0,0.0,4.0,4.0,18.0,18751.92618,64896.0,64320.0,502.0,502.0,client->server,0,benign
b_CBfOWK2WNJDQPLsFcg,192.168.100.99,130.211.44.5,1,0,2023-07-20 11:11:36.328367104,ssl,3.671357,11.0,10.0,3.0,4.0,2.996167,2.723789,5.719956,0.909091,360.0,32.0,40.0,328.0,32.0,40.0,2.0,2.0,0.0,3.0,4.0,20.0,2493.628434,64896.0,65535.0,502.0,282.0,client->internet,0,benign
b_CbNZjH1zokiib03gYd,192.168.100.31,192.168.100.218,1,0,2023-07-19 11:43:50.650610944,http,9.31954,12.0,11.0,3.0,7.0,1.287617,1.180316,2.467933,0.916667,392.0,32.0,40.0,360.0,32.0,40.0,2.0,2.0,0.0,3.0,7.0,22.0,4731.563992,64896.0,64320.0,513.0,502.0,client->server,0,benign
CK4UHC450kN9ctwJw4,192.168.100.218,192.168.100.104,1,0,2023-09-08 11:25:22.482203904,,0.000332,1.0,1.0,0.0,0.0,3010.98636,3010.98636,6021.972721,1.0,40.0,40.0,40.0,20.0,20.0,20.0,0.0,1.0,1.0,0.0,0.0,1.0,0.0,64896.0,0.0,64896.0,0.0,server->client,0,benign
b_CGvjPA4ZKVDe9e0yA1,192.168.100.99,192.168.100.218,1,0,2023-07-21 16:28:26.769505024,ssl,0.012281,7.0,6.0,3.0,3.0,569.988895,488.56191,1058.550806,0.857143,232.0,32.0,40.0,200.0,32.0,40.0,0.0,2.0,1.0,3.0,3.0,12.0,269279.039565,64896.0,64320.0,502.0,502.0,client->server,0,benign
C1ZUD93Y7rkN3jSCqk,192.168.100.218,192.168.100.23,1,0,2023-09-06 21:32:29.627860992,,0.000303,1.0,1.0,0.0,0.0,3300.003147,3300.003147,6600.006294,1.0,40.0,40.0,40.0,20.0,20.0,20.0,0.0,1.0,1.0,0.0,0.0,1.0,0.0,64896.0,0.0,64896.0,0.0,server->client,0,benign
b_C8OY0O1bZxWvriWRb2,192.168.100.23,192.168.100.218,1,0,2023-07-19 04:15:44.599793920,ssl,0.413272,13.0,12.0,4.0,7.0,31.45627,29.036557,60.492826,0.923077,424.0,32.0,40.0,392.0,32.0,40.0,2.0,2.0,0.0,4.0,7.0,24.0,96490.897662,64896.0,64320.0,758.0,502.0,client->server,0,benign
Cpo57loKERBXQV8fa,192.168.100.218,192.168.100.23,1,0,2023-09-06 15:38:21.279227904,,0.001087,1.0,1.0,0.0,0.0,920.005264,920.005264,1840.010529,1.0,40.0,40.0,40.0,20.0,20.0,20.0,0.0,1.0,1.0,0.0,0.0,1.0,0.0,64896.0,0.0,64896.0,0.0,server->client,0,benign
b_Chds5b4IkJj0diDZGl,192.168.100.31,192.168.100.218,1,0,2023-07-08 04:28:51.239854080,http,0.504822,9.0,9.0,4.0,3.0,17.828066,17.828066,35.656131,1.0,296.0,32.0,40.0,296.0,32.0,40.0,2.0,2.0,0.0,4.0,3.0,17.0,16532.559475,64896.0,64320.0,502.0,502.0,client->server,0,benign
b_CT8Ugj115tjabh8LMb,192.168.100.49,192.168.100.218,1,0,2023-07-05 13:04:12.884824064,http,0.269079,9.0,9.0,4.0,3.0,33.44743,33.44743,66.89486,1.0,296.0,32.0,40.0,296.0,32.0,40.0,2.0,2.0,0.0,4.0,3.0,17.0,34852.222013,64896.0,64320.0,502.0,502.0,client->server,0,benign
b_C5NqXB36yI6qfLgZU6,192.168.100.99,192.168.100.218,1,0,2023-07-08 04:07:08.503334144,http,0.24507,10.0,10.0,5.0,4.0,40.804671,40.804671,81.609343,1.0,328.0,32.0,40.0,328.0,32.0,40.0,2.0,2.0,0.0,5.0,4.0,19.0,39388.749187,64896.0,64320.0,502.0,502.0,client->server,0,benign
C2Dctk462KGb6zdUw1,192.168.100.218,192.168.100.23,1,0,2023-09-07 17:26:15.379684096,,0.000362,1.0,1.0,0.0,0.0,2763.046113,2763.046113,5526.092227,1.0,40.0,40.0,40.0,20.0,20.0,20.0,0.0,1.0,1.0,0.0,0.0,1.0,0.0,64896.0,0.0,64896.0,0.0,server->client,0,benign
b_CEqdLxcw1b6zvMZG2,192.168.100.104,95.101.149.241,1,0,2023-07-08 08:01:27.989646848,ssl,20.477542,8.0,8.0,2.0,2.0,0.390672,0.390672,0.781344,1.0,276.0,32.0,44.0,264.0,32.0,40.0,3.0,2.0,0.0,2.0,2.0,15.0,37.651003,64896.0,65160.0,506.0,505.0,client->internet,0,benign
b_CjvyRr2L01treumWr1,192.168.100.104,192.168.100.218,1,0,2023-07-18 19:53:31.188685056,http,0.447615,12.0,12.0,5.0,5.0,26.808744,26.808744,53.617489,1.0,392.0,32.0,40.0,392.0,32.0,40.0,2.0,2.0,0.0,5.0,5.0,23.0,22436.684897,64896.0,64320.0,502.0,502.0,client->server,0,benign
b_CbnJTB3IbfsqySwnra,192.168.100.31,93.184.221.225,1,0,2023-07-08 02:53:08.839700992,ssl,0.070471,8.0,7.0,2.0,4.0,113.521796,99.331572,212.853368,0.875,264.0,32.0,40.0,232.0,32.0,40.0,2.0,2.0,0.0,2.0,4.0,14.0,73505.363137,64896.0,65535.0,502.0,133.0,client->internet,0,benign
b_CFD8I04JjEP6LFRnc1,192.168.100.31,192.168.100.218,1,0,2023-07-05 16:50:43.522496000,ssl,0.27018,10.0,11.0,4.0,6.0,37.012364,40.7136,77.725964,1.1,328.0,32.0,40.0,360.0,32.0,40.0,2.0,2.0,0.0,4.0,6.0,20.0,51354.654934,64896.0,64320.0,502.0,502.0,client->server,0,benign
CbAJX53RlDcw5wYz6d,192.168.100.218,192.168.100.115,1,0,2023-09-09 20:24:38.364707072,,0.000404,1.0,1.0,0.0,0.0,2474.515634,2474.515634,4949.031268,1.0,40.0,40.0,40.0,20.0,20.0,20.0,0.0,1.0,1.0,0.0,0.0,1.0,0.0,64896.0,0.0,64896.0,0.0,server->client,0,benign
b_CxvUc9UrWQzopDbod,192.168.100.115,192.168.100.218,1,0,2023-07-21 02:10:57.903593984,,0.021225,4.0,2.0,0.0,0.0,188.457225,94.228613,282.685838,0.5,136.0,32.0,40.0,72.0,32.0,40.0,2.0,2.0,0.0,0.0,0.0,5.0,0.0,64896.0,64320.0,507.0,503.0,client->server,0,benign
C04ZNx2xUIZcruNTo6,192.168.100.218,192.168.100.49,1,0,2023-09-08 06:37:02.878809856,,0.000446,1.0,1.0,0.0,0.0,2241.744522,2241.744522,4483.489043,1.0,40.0,40.0,40.0,20.0,20.0,20.0,0.0,1.0,1.0,0.0,0.0,1.0,0.0,64896.0,0.0,64896.0,0.0,server->client,0,benign
b_CFlbIZPlFkA885Q21,192.168.100.99,172.217.19.67,1,0,2023-07-08 07:58:43.824707072,http,0.632378,10.0,9.0,1.0,6.0,15.81333,14.231997,30.045328,0.9,328.0,32.0,40.0,296.0,32.0,40.0,2.0,2.0,0.0,1.0,6.0,18.0,24458.477924,64896.0,65535.0,502.0,261.0,client->internet,0,benign
C1TJ3y3AwZedyCPpUf,192.168.100.218,192.168.100.49,1,0,2023-09-09 17:00:26.905347072,,0.000362,1.0,1.0,0.0,0.0,2763.046113,2763.046113,5526.092227,1.0,40.0,40.0,40.0,20.0,20.0,20.0,0.0,1.0,1.0,0.0,0.0,1.0,0.0,64896.0,0.0,64896.0,0.0,server->client,0,benign
b_CHWjkh2hCI6m337bSe,192.168.100.31,151.101.65.164,1,0,2023-07-21 04:18:46.508939008,ssl,0.071607,7.0,6.0,1.0,2.0,97.755977,83.790838,181.546815,0.857143,232.0,32.0,40.0,200.0,32.0,40.0,2.0,2.0,0.0,1.0,2.0,12.0,65119.44607,64896.0,65535.0,502.0,285.0,client->internet,0,benign
b_CYCrmT2h3ziqtRnQvg,192.168.100.23,192.168.100.218,1,0,2023-07-21 12:23:12.310427904,http,0.564126,13.0,12.0,5.0,5.0,23.044497,21.271843,44.31634,0.923077,424.0,32.0,40.0,392.0,32.0,40.0,2.0,2.0,0.0,5.0,5.0,24.0,18517.139305,64896.0,64320.0,502.0,502.0,client->server,0,benign
b_CoZWpK1Ra8eH4KdVt9,192.168.100.49,23.197.7.132,1,0,2023-07-08 12:13:45.746452992,ssl,33.19722,7.0,8.0,2.0,3.0,0.210861,0.240984,0.451845,1.142857,232.0,32.0,40.0,264.0,32.0,40.0,2.0,2.0,0.0,2.0,3.0,14.0,23.857419,64896.0,65160.0,506.0,506.0,client->internet,0,benign
b_CV6WKN3GW712Dqz0sa,192.168.100.115,192.168.100.218,1,0,2023-07-20 15:08:08.830096896,ssl,0.176362,12.0,13.0,3.0,9.0,68.041854,73.712008,141.753862,1.083333,392.0,32.0,40.0,424.0,32.0,40.0,2.0,2.0,0.0,3.0,9.0,24.0,423855.388565,64896.0,64320.0,1017.0,502.0,client->server,0,benign
b_CE7kRj2fIyGLc9p3Wb,192.168.100.99,23.197.7.132,1,0,2023-07-08 18:45:52.971031808,ssl,11.658963,12.0,11.0,2.0,6.0,1.029251,0.94348,1.972731,0.916667,392.0,32.0,40.0,360.0,32.0,40.0,2.0,2.0,0.0,2.0,6.0,22.0,612.147056,64896.0,65160.0,502.0,506.0,client->internet,0,benign
b_CJQf1s4CXOpx34tQek,192.168.100.31,192.168.100.218,1,0,2023-07-20 10:51:23.408801024,http,0.41284,13.0,12.0,5.0,5.0,31.489205,29.066959,60.556164,0.923077,424.0,32.0,40.0,392.0,32.0,40.0,2.0,2.0,0.0,5.0,5.0,24.0,25385.143892,64896.0,64320.0,502.0,502.0,client->server,0,benign
b_CvrJft3AsD04nBpDbh,192.168.100.49,104.68.80.208,1,0,2023-07-08 13:00:30.360892928,ssl,20.263654,10.0,13.0,4.0,5.0,0.493494,0.641543,1.135037,1.3,328.0,32.0,40.0,432.0,32.0,40.0,2.0,3.0,0.0,4.0,5.0,22.0,75.257898,64896.0,65160.0,503.0,504.0,client->internet,0,benign
b_CQzmND2zG77mUZxna7,192.168.100.115,23.206.22.237,1,0,2023-07-08 15:17:46.460740096,ssl,10.767526,12.0,11.0,2.0,6.0,1.114462,1.02159,2.136052,0.916667,392.0,32.0,40.0,360.0,32.0,40.0,2.0,2.0,0.0,2.0,6.0,22.0,662.826359,64896.0,65160.0,502.0,506.0,client->internet,0,benign
b_CjsXKm3FmFhJJEQ2F6,192.168.100.23,192.168.100.218,1,0,2023-07-20 10:47:13.760859904,http,0.153058,12.0,11.0,2.0,8.0,78.401625,71.868156,150.269781,0.916667,392.0,32.0,40.0,360.0,32.0,40.0,2.0,2.0,0.0,2.0,8.0,22.0,496889.898799,64896.0,64320.0,648.0,502.0,client->server,0,benign
b_C0OdXN3E2uuSI1lvwc,192.168.100.23,93.184.221.225,1,0,2023-07-08 02:25:56.474266880,ssl,0.068143,8.0,7.0,2.0,4.0,117.400361,102.725316,220.125677,0.875,264.0,32.0,40.0,232.0,32.0,40.0,2.0,2.0,0.0,2.0,4.0,14.0,76016.733797,64896.0,65535.0,502.0,133.0,client->internet,0,benign
b_CvMwCelOTEbMrNowd,192.168.100.115,192.168.100.218,1,0,2023-07-18 20:45:20.015667968,http,0.588419,13.0,12.0,5.0,5.0,22.093093,20.393624,42.486717,0.923077,424.0,32.0,40.0,392.0,32.0,40.0,2.0,2.0,0.0,5.0,5.0,24.0,18255.692572,64896.0,64320.0,502.0,502.0,client->server,0,benign
b_CL8ZVgwiHNxAeS991,192.168.100.23,192.168.100.218,1,0,2023-07-21 04:30:20.112265216,,0.039465,4.0,2.0,0.0,0.0,101.355759,50.677879,152.033638,0.5,136.0,32.0,40.0,72.0,32.0,40.0,2.0,2.0,0.0,0.0,0.0,5.0,0.0,64896.0,64320.0,507.0,503.0,client->server,0,benign
b_CDlpR01ZZw0VRz9LJh,192.168.100.31,192.168.100.218,1,0,2023-07-20 14:25:47.281993984,http,0.349383,11.0,11.0,5.0,4.0,31.484084,31.484084,62.968169,1.0,360.0,32.0,40.0,360.0,32.0,40.0,2.0,2.0,0.0,5.0,4.0,21.0,23535.784187,64896.0,64320.0,502.0,502.0,client->server,0,benign
b_C5jYNi3lu1x4wayqKk,192.168.100.23,192.168.100.189,1,0,2023-09-12 23:03:41.004808960,ftp-data,0.051952,7.0,6.0,0.0,4.0,134.739439,115.490948,250.230387,0.857143,232.0,32.0,40.0,200.0,32.0,40.0,2.0,2.0,0.0,0.0,4.0,12.0,610523.647091,64896.0,64320.0,502.0,503.0,client->server,0,benign
b_Cewk5N3GFP6JPXYfq7,192.168.100.49,192.168.100.218,1,0,2023-07-21 13:29:02.496417024,ssl,0.593227,12.0,13.0,5.0,7.0,20.228347,21.914043,42.14239,1.083333,392.0,32.0,40.0,424.0,32.0,40.0,2.0,2.0,0.0,5.0,7.0,24.0,46838.738345,64896.0,64320.0,544.0,502.0,client->server,0,benign
b_CY4m5G1Kag8HHIvkJf,192.168.100.31,192.168.100.218,1,0,2023-07-21 11:12:39.760559104,,0.132979,4.0,2.0,0.0,0.0,30.079956,15.039978,45.119935,0.5,136.0,32.0,40.0,72.0,32.0,40.0,2.0,2.0,0.0,0.0,0.0,5.0,0.0,64896.0,64320.0,507.0,503.0,client->server,0,benign
Cn3oyy25gnY5ahEkA6,192.168.100.218,192.168.100.49,1,0,2023-09-07 18:28:55.315706880,,0.000402,1.0,1.0,0.0,0.0,2487.724792,2487.724792,4975.449585,1.0,40.0,40.0,40.0,20.0,20.0,20.0,0.0,1.0,1.0,0.0,0.0,1.0,0.0,64896.0,0.0,64896.0,0.0,server->client,0,benign
b_CQI5Z03fmp5l0H0Nyc,192.168.100.104,192.168.100.218,1,0,2023-07-08 12:31:57.918819072,,0.011974,4.0,2.0,0.0,0.0,334.054437,167.027219,501.081656,0.5,136.0,32.0,40.0,72.0,32.0,40.0,2.0,2.0,0.0,0.0,0.0,5.0,0.0,64896.0,64320.0,507.0,503.0,client->server,0,benign
C9xFCy4b1cIG891ipd,192.168.100.218,192.168.100.115,1,0,2023-09-08 02:33:16.509865984,,0.00034,1.0,1.0,0.0,0.0,2941.307153,2941.307153,5882.614306,1.0,40.0,40.0,40.0,20.0,20.0,20.0,0.0,1.0,1.0,0.0,0.0,1.0,0.0,64896.0,0.0,64896.0,0.0,server->client,0,benign
CaElNG2XlDhD4iDBNh,192.168.100.218,192.168.100.99,1,0,2023-09-08 15:48:42.987272960,,0.000308,1.0,1.0,0.0,0.0,3246.365325,3246.365325,6492.73065,1.0,40.0,40.0,40.0,20.0,20.0,20.0,0.0,1.0,1.0,0.0,0.0,1.0,0.0,64896.0,0.0,64896.0,0.0,server->client,0,benign
b_C2N3DM2nnUeugAyood,192.168.100.49,192.168.100.218,1,0,2023-07-05 21:51:42.712508928,http,0.538613,9.0,9.0,4.0,3.0,16.709583,16.709583,33.419166,1.0,296.0,32.0,40.0,296.0,32.0,40.0,2.0,2.0,0.0,4.0,3.0,17.0,17407.672281,64896.0,64320.0,502.0,502.0,client->server,0,benign
b_CeqPRw4zlvM89hKCK4,192.168.100.99,192.168.100.218,1,0,2023-07-21 03:55:11.218981120,http,0.391742,10.0,9.0,4.0,3.0,25.527006,22.974305,48.501311,0.9,328.0,32.0,40.0,296.0,32.0,40.0,2.0,2.0,0.0,4.0,3.0,18.0,21164.440345,64896.0,64320.0,502.0,502.0,client->server,0,benign
Cf37qW2DlMuzDtPOCb,192.168.100.218,192.168.100.115,1,0,2023-09-08 06:39:49.816222976,,0.001195,1.0,1.0,0.0,0.0,836.685418,836.685418,1673.370836,1.0,40.0,40.0,40.0,20.0,20.0,20.0,0.0,1.0,1.0,0.0,0.0,1.0,0.0,64896.0,0.0,64896.0,0.0,server->client,0,benign
b_CCzKhRZ21XsEv8Qzj,192.168.100.99,88.221.62.65,1,0,2023-07-08 03:12:36.220292096,ssl,19.139445,9.0,8.0,2.0,3.0,0.470233,0.417985,0.888218,0.888889,296.0,32.0,40.0,264.0,32.0,40.0,2.0,2.0,0.0,2.0,3.0,16.0,66.929841,64896.0,65160.0,503.0,505.0,client->internet,0,benign
b_CFeJAC2NyXqfeg8sia,192.168.100.115,192.168.100.218,1,0,2023-07-18 22:47:57.072344064,http,0.252212,8.0,7.0,3.0,2.0,31.719341,27.754424,59.473765,0.875,264.0,32.0,40.0,232.0,32.0,40.0,2.0,2.0,0.0,3.0,2.0,14.0,24467.506843,64896.0,64320.0,502.0,502.0,client->server,0,benign
b_CVN5o812AlYWcAjLp9,192.168.100.23,192.168.100.218,1,0,2023-07-05 07:13:10.060033024,http,0.345352,8.0,7.0,3.0,2.0,23.164775,20.269178,43.433954,0.875,264.0,32.0,40.0,232.0,32.0,40.0,2.0,2.0,0.0,3.0,2.0,14.0,12616.11581,64896.0,64320.0,503.0,502.0,client->server,0,benign
C6LrH4460eJ8pH0y6i,192.168.100.218,192.168.100.23,1,0,2023-09-09 22:57:55.199188992,,0.001087,1.0,1.0,0.0,0.0,920.005264,920.005264,1840.010529,1.0,40.0,40.0,40.0,20.0,20.0,20.0,0.0,1.0,1.0,0.0,0.0,1.0,0.0,64896.0,0.0,64896.0,0.0,server->client,0,benign
b_CxWVvXNKFPBy3H2h6,192.168.100.115,192.168.100.218,1,0,2023-07-21 19:29:26.178134016,http,0.244978,10.0,10.0,5.0,4.0,40.82,40.82,81.64,1.0,328.0,32.0,40.0,328.0,32.0,40.0,2.0,2.0,0.0,5.0,4.0,19.0,35043.970134,64896.0,64320.0,502.0,502.0,client->server,0,benign
b_CSzKon2vu93s6O2qmi,192.168.100.49,192.168.100.218,1,0,2023-07-20 09:22:13.452936960,ssl,0.034732,9.0,8.0,3.0,4.0,259.126259,230.334452,489.460711,0.888889,296.0,32.0,40.0,264.0,32.0,40.0,2.0,2.0,0.0,3.0,4.0,16.0,386760.337129,64896.0,64320.0,502.0,502.0,client->server,0,benign
b_CyOeavoofIgboRpdj,192.168.100.23,192.168.100.218,1,0,2023-07-05 21:42:13.324688896,http,0.281818,8.0,7.0,3.0,2.0,28.3871,24.838712,53.225812,0.875,264.0,32.0,40.0,232.0,32.0,40.0,2.0,2.0,0.0,3.0,2.0,14.0,18689.356851,64896.0,64320.0,502.0,502.0,client->server,0,benign
b_CPDa2B4RfDYQ0uI1b2,192.168.100.31,192.168.100.218,1,0,2023-07-08 05:21:08.252114944,http,0.887144,9.0,9.0,4.0,3.0,10.144913,10.144913,20.289827,1.0,296.0,32.0,40.0,296.0,32.0,40.0,2.0,2.0,0.0,4.0,3.0,17.0,9340.083652,64896.0,64320.0,502.0,502.0,client->server,0,benign
b_CzrUJEQ2X3FZORP5a,192.168.100.115,192.168.100.218,1,0,2023-07-21 14:53:48.378115840,,0.005068,4.0,2.0,0.0,0.0,789.256057,394.628028,1183.884085,0.5,136.0,32.0,40.0,72.0,32.0,40.0,2.0,2.0,0.0,0.0,0.0,5.0,0.0,64896.0,64320.0,507.0,503.0,client->server,0,benign
b_CN5R8G3xOZYFTYxg83,192.168.100.99,192.168.100.218,1,0,2023-07-18 14:27:50.058520064,http,0.618345,10.0,10.0,5.0,4.0,16.172201,16.172201,32.344402,1.0,328.0,32.0,40.0,328.0,32.0,40.0,2.0,2.0,0.0,5.0,4.0,19.0,15117.773515,64896.0,64320.0,502.0,502.0,client->server,0,benign
b_C08Get2RjW2EbUurN6,192.168.100.99,104.200.27.143,1,0,2023-07-18 19:30:38.724930048,ssl,0.530367,10.0,10.0,3.0,6.0,18.854872,18.854872,37.709744,1.0,328.0,32.0,40.0,328.0,32.0,40.0,2.0,2.0,0.0,3.0,6.0,19.0,15295.072217,64896.0,65160.0,502.0,502.0,client->internet,0,benign
b_CtGMaB4F6RpgExVoWj,192.168.100.115,23.206.22.237,1,0,2023-07-08 06:09:27.999855872,ssl,11.911763,7.0,8.0,2.0,3.0,0.587654,0.671605,1.259259,1.142857,232.0,32.0,40.0,264.0,32.0,40.0,2.0,2.0,0.0,2.0,3.0,14.0,66.404948,64896.0,65160.0,506.0,506.0,client->internet,0,benign
b_CHKhcy2zxo2TjND0A5,192.168.100.23,23.197.7.132,1,0,2023-07-05 04:19:42.191169024,ssl,17.499984,12.0,11.0,2.0,6.0,0.685715,0.628572,1.314287,0.916667,392.0,32.0,40.0,360.0,32.0,40.0,2.0,2.0,0.0,2.0,6.0,22.0,408.74323,64896.0,65160.0,502.0,506.0,client->internet,0,benign
b_C9wJRh1oRdqJwJkiX8,192.168.100.99,192.168.100.218,1,0,2023-07-18 17:05:47.769392896,ssl,0.358607,13.0,13.0,4.0,8.0,36.251378,36.251378,72.502757,1.0,424.0,32.0,40.0,424.0,32.0,40.0,2.0,2.0,0.0,4.0,8.0,25.0,161748.073253,64896.0,64320.0,779.0,502.0,client->server,0,benign
b_Cujcyr3yw1r60Efw9a,192.168.100.104,192.168.100.218,1,0,2023-07-21 12:53:47.424465920,http,0.328324,8.0,7.0,3.0,2.0,24.366169,21.320398,45.686567,0.875,264.0,32.0,40.0,232.0,32.0,40.0,2.0,2.0,0.0,3.0,2.0,14.0,16425.84366,64896.0,64320.0,502.0,502.0,client->server,0,benign
b_CdBhep3JA2939ff855,192.168.100.104,192.168.100.218,1,0,2023-07-20 03:29:12.074585856,ssl,0.207478,13.0,13.0,4.0,8.0,62.657232,62.657232,125.314463,1.0,424.0,32.0,40.0,424.0,32.0,40.0,2.0,2.0,0.0,4.0,8.0,25.0,328617.900435,64896.0,64320.0,959.0,502.0,client->server,0,benign
b_CdKDJI31NS8DONlXv1,192.168.100.49,192.168.100.218,1,0,2023-07-05 16:16:53.362884096,ssl,0.022671,9.0,8.0,3.0,4.0,396.983205,352.87396,749.857165,0.888889,296.0,32.0,40.0,264.0,32.0,40.0,2.0,2.0,0.0,3.0,4.0,16.0,593048.799335,64896.0,64320.0,502.0,502.0,client->server,0,benign
CU16YVDxrD9rAJxTi,192.168.100.218,192.168.100.104,1,0,2023-09-07 17:37:10.260037888,,0.001234,1.0,1.0,0.0,0.0,810.33694,810.33694,1620.673879,1.0,40.0,40.0,40.0,20.0,20.0,20.0,0.0,1.0,1.0,0.0,0.0,1.0,0.0,64896.0,0.0,64896.0,0.0,server->client,0,benign
b_CaD7Hp4yVnJNNpLNoc,192.168.100.115,192.168.100.218,1,0,2023-07-19 03:08:40.206056192,http,0.410503,10.0,9.0,4.0,3.0,24.360363,21.924327,46.28469,0.9,328.0,32.0,40.0,296.0,32.0,40.0,2.0,2.0,0.0,4.0,3.0,18.0,17381.119148,64896.0,64320.0,502.0,502.0,client->server,0,benign
CObS6cAwTSDlF3OCk,192.168.100.218,192.168.100.104,1,0,2023-09-08 00:19:53.959624960,,0.000786,1.0,1.0,0.0,0.0,1272.157719,1272.157719,2544.315438,1.0,40.0,40.0,40.0,20.0,20.0,20.0,0.0,1.0,1.0,0.0,0.0,1.0,0.0,64896.0,0.0,64896.0,0.0,server->client,0,benign
ClLZTX1twe5JTzCFc6,192.168.100.218,192.168.100.31,1,0,2023-09-10 07:15:09.085010176,,0.000281,1.0,1.0,0.0,0.0,3560.529711,3560.529711,7121.059423,1.0,40.0,40.0,40.0,20.0,20.0,20.0,0.0,1.0,1.0,0.0,0.0,1.0,0.0,64896.0,0.0,64896.0,0.0,server->client,0,benign
b_CHM3xh3guG7vVqKc5d,192.168.100.23,192.168.100.218,1,0,2023-07-20 02:00:02.613100032,http,0.006684,5.0,3.0,1.0,0.0,748.047797,448.828678,1196.876476,0.6,168.0,32.0,40.0,104.0,32.0,40.0,2.0,2.0,0.0,1.0,0.0,7.0,61938.357624,64896.0,64320.0,507.0,502.0,client->server,0,benign
b_CqBDYx4AdMgOf6wb1g,192.168.100.49,192.168.100.218,1,0,2023-07-21 11:07:47.879995136,ssl,0.023813,9.0,8.0,3.0,4.0,377.944673,335.95082,713.895494,0.888889,296.0,32.0,40.0,264.0,32.0,40.0,2.0,2.0,0.0,3.0,4.0,16.0,401041.291963,64896.0,64320.0,502.0,502.0,client->server,0,benign
b_CUwPwXIS5B41ZKak4,192.168.100.23,192.168.100.218,1,0,2023-07-05 18:15:23.880592128,http,0.648979,12.0,13.0,6.0,5.0,18.490584,20.031466,38.522051,1.083333,392.0,32.0,40.0,424.0,32.0,40.0,2.0,2.0,0.0,6.0,5.0,24.0,16667.720923,64896.0,64320.0,502.0,502.0,client->server,0,benign
CR7Duy4yCWlaWqn7Ch,192.168.100.218,192.168.100.115,1,0,2023-09-08 10:17:07.495646976,,0.001142,1.0,1.0,0.0,0.0,875.637578,875.637578,1751.275157,1.0,40.0,40.0,40.0,20.0,20.0,20.0,0.0,1.0,1.0,0.0,0.0,1.0,0.0,64896.0,0.0,64896.0,0.0,server->client,0,benign
b_CHWHxA4aAnVVpolm5i,192.168.100.49,192.168.100.218,1,0,2023-07-05 19:44:27.641352960,http,0.680884,13.0,12.0,5.0,5.0,19.092823,17.624144,36.716967,0.923077,424.0,32.0,40.0,392.0,32.0,40.0,2.0,2.0,0.0,5.0,5.0,24.0,15869.07322,64896.0,64320.0,502.0,502.0,client->server,0,benign
b_CL989T31oPoCAvDhU9,192.168.100.31,192.168.100.218,1,0,2023-07-05 05:12:20.001888000,http,0.9704,12.0,11.0,5.0,5.0,12.366036,11.335533,23.70157,0.916667,392.0,32.0,40.0,360.0,32.0,40.0,2.0,2.0,0.0,5.0,5.0,22.0,10706.926562,64896.0,64320.0,502.0,502.0,client->server,0,benign
b_CQaICgD4ADXrJx5i7,192.168.100.104,130.211.44.5,1,0,2023-07-05 03:41:07.097915904,ssl,3.6715,11.0,11.0,3.0,5.0,2.99605,2.99605,5.992101,1.0,360.0,32.0,40.0,360.0,32.0,40.0,2.0,2.0,0.0,3.0,5.0,21.0,2543.3745,64896.0,65535.0,502.0,282.0,client->internet,0,benign
b_CUYyNa4xHyUuPRaZ08,192.168.100.104,192.168.100.218,1,0,2023-07-20 17:30:40.423474944,http,0.009537,5.0,3.0,1.0,0.0,524.274893,314.564936,838.839829,0.6,168.0,32.0,40.0,104.0,32.0,40.0,2.0,2.0,0.0,1.0,0.0,7.0,43829.381065,64896.0,64320.0,507.0,502.0,client->server,0,benign
b_CRvufx3SH3P8sG0bx9,192.168.100.31,192.168.100.218,1,0,2023-07-08 01:47:21.154478080,,0.004698,4.0,2.0,0.0,0.0,851.419234,425.709617,1277.128851,0.5,136.0,32.0,40.0,72.0,32.0,40.0,2.0,2.0,0.0,0.0,0.0,5.0,0.0,64896.0,64320.0,507.0,503.0,client->server,0,benign
CVrpW33RlIju97I1u9,192.168.100.218,192.168.100.31,1,0,2023-09-08 10:16:57.128712960,,0.001066,1.0,1.0,0.0,0.0,937.903399,937.903399,1875.806798,1.0,40.0,40.0,40.0,20.0,20.0,20.0,0.0,1.0,1.0,0.0,0.0,1.0,0.0,64896.0,0.0,64896.0,0.0,server->client,0,benign
CbYYTR2nwVIc0iKvi5,192.168.100.218,192.168.100.31,1,0,2023-09-07 01:18:54.852329984,,0.00097,1.0,1.0,0.0,0.0,1030.79479,1030.79479,2061.58958,1.0,40.0,40.0,40.0,20.0,20.0,20.0,0.0,1.0,1.0,0.0,0.0,1.0,0.0,64896.0,0.0,64896.0,0.0,server->client,0,benign
b_CKMBUi1JXRLijX7fn2,192.168.100.104,192.168.100.218,1,0,2023-07-21 11:47:42.655857152,ssl,22.102821,11.0,11.0,3.0,7.0,0.497674,0.497674,0.995348,1.0,360.0,32.0,40.0,360.0,32.0,40.0,2.0,2.0,0.0,3.0,7.0,21.0,1767.421463,64896.0,64320.0,502.0,502.0,client->server,0,benign
b_CuZLrD31Vox5F5HS71,192.168.100.115,130.211.44.5,1,0,2023-07-08 06:39:58.018397184,ssl,3.358158,11.0,11.0,3.0,5.0,3.275605,3.275605,6.551211,1.0,360.0,32.0,40.0,360.0,32.0,40.0,2.0,2.0,0.0,3.0,5.0,21.0,2856.03011,64896.0,65535.0,502.0,282.0,client->internet,0,benign
b_CGAVEc2FSpUJFmb6Xe,192.168.100.115,192.168.100.218,1,0,2023-07-21 02:46:33.114288128,ssl,0.171781,13.0,13.0,4.0,8.0,75.67783,75.67783,151.355659,1.0,424.0,32.0,40.0,424.0,32.0,40.0,2.0,2.0,0.0,4.0,8.0,25.0,229885.961241,64896.0,64320.0,513.0,502.0,client->server,0,benign
b_Cuypfj1ncfMDjzYEt,192.168.100.49,192.168.100.218,1,0,2023-07-18 17:07:36.475270912,ssl,0.36904,13.0,13.0,4.0,8.0,35.226533,35.226533,70.453065,1.0,424.0,32.0,40.0,424.0,32.0,40.0,2.0,2.0,0.0,4.0,8.0,25.0,157045.301482,64896.0,64320.0,779.0,502.0,client->server,0,benign
b_CsoZmi1QokTLBUwwYf,192.168.100.99,192.168.100.218,1,0,2023-07-20 17:36:21.975610880,ssl,0.26924,11.0,12.0,5.0,6.0,40.855721,44.569877,85.425598,1.090909,360.0,32.0,40.0,392.0,32.0,40.0,2.0,2.0,0.0,5.0,6.0,22.0,57665.992698,64896.0,64320.0,502.0,502.0,client->server,0,benign
CmwTgv8WeJD4fEgnh,192.168.100.218,192.168.100.49,1,0,2023-09-08 11:16:10.505149952,,0.001023,1.0,1.0,0.0,0.0,977.69324,977.69324,1955.38648,1.0,40.0,40.0,40.0,20.0,20.0,20.0,0.0,1.0,1.0,0.0,0.0,1.0,0.0,64896.0,0.0,64896.0,0.0,server->client,0,benign
a_CEAK033pgtyv1mseB,192.168.100.99,142.250.181.202,1,0,2023-07-11 15:00:34.750960128,http,1.461838,7.0,6.0,1.0,2.0,4.788492,4.104422,8.892914,0.857143,232.0,32.0,40.0,200.0,32.0,40.0,2.0,2.0,0.0,1.0,2.0,12.0,1149.922216,64896.0,65535.0,502.0,261.0,client->internet,0,benign
a_C8b79t1YF3YQdG9MRb,192.168.100.23,142.250.181.202,1,0,2023-07-09 08:59:43.755570944,http,1.326826,7.0,6.0,1.0,2.0,5.275748,4.52207,9.797818,0.857143,232.0,32.0,40.0,200.0,32.0,40.0,2.0,2.0,0.0,1.0,2.0,12.0,1266.933177,64896.0,65535.0,502.0,261.0,client->internet,0,benign
b_CpcSEgSeb5yatng83,192.168.100.115,192.168.100.218,1,0,2023-07-21 17:57:51.049975040,http,1.305128,11.0,11.0,5.0,4.0,8.428291,8.428291,16.856583,1.0,360.0,32.0,40.0,360.0,32.0,40.0,2.0,2.0,0.0,5.0,4.0,21.0,8219.882799,64896.0,64320.0,502.0,502.0,client->server,0,benign
b_Cywe5l18L3tZjOVLal,192.168.100.104,192.168.100.218,1,0,2023-07-08 02:29:13.807670016,ssl,0.021819,9.0,8.0,3.0,4.0,412.486871,366.654996,779.141867,0.888889,296.0,32.0,40.0,264.0,32.0,40.0,2.0,2.0,0.0,3.0,4.0,16.0,615888.730285,64896.0,64320.0,502.0,502.0,client->server,0,benign
b_ChhVyw4FlVzMX9DWDl,192.168.100.104,23.206.22.237,1,0,2023-07-08 07:12:41.251808000,ssl,25.79839,7.0,8.0,2.0,3.0,0.271335,0.310097,0.581432,1.142857,232.0,32.0,40.0,264.0,32.0,40.0,2.0,2.0,0.0,2.0,3.0,14.0,30.777114,64896.0,65160.0,506.0,505.0,client->internet,0,benign
CYi3gg19jG1boZzkH9,192.168.100.218,192.168.100.23,1,0,2023-09-10 00:52:19.689574912,,0.001289,1.0,1.0,0.0,0.0,775.717403,775.717403,1551.434807,1.0,40.0,40.0,40.0,20.0,20.0,20.0,0.0,1.0,1.0,0.0,0.0,1.0,0.0,64896.0,0.0,64896.0,0.0,server->client,0,benign
b_C9g6xLesQlvDq4cNj,192.168.100.31,192.168.100.218,1,0,2023-07-06 01:06:14.853463808,http,0.348181,13.0,12.0,5.0,5.0,37.336901,34.464832,71.801733,0.923077,424.0,32.0,40.0,392.0,32.0,40.0,2.0,2.0,0.0,5.0,5.0,24.0,30024.612834,64896.0,64320.0,502.0,502.0,client->server,0,benign
b_CZf6Y4o8ZBfHmJJh8,192.168.100.99,192.168.100.218,1,0,2023-07-18 17:48:35.746875136,ssl,0.030135,8.0,7.0,3.0,4.0,265.47278,232.288682,497.761462,0.875,264.0,32.0,40.0,232.0,32.0,40.0,0.0,2.0,1.0,3.0,4.0,14.0,239058.23819,64896.0,64320.0,502.0,502.0,client->server,0,benign
b_C1z6GqY1qrrCueLnk,192.168.100.49,192.168.100.218,1,0,2023-07-20 10:35:23.774313984,http,0.501934,9.0,8.0,4.0,3.0,17.930642,15.938349,33.868991,0.888889,296.0,32.0,40.0,264.0,32.0,40.0,2.0,2.0,0.0,4.0,3.0,16.0,15229.092302,64896.0,64320.0,502.0,502.0,client->server,0,benign
b_CrQe7H1MJxdApPPM5l,192.168.100.99,192.168.100.218,1,0,2023-07-19 23:57:17.742935040,http,0.462451,9.0,9.0,4.0,3.0,19.461522,19.461522,38.923044,1.0,296.0,32.0,40.0,296.0,32.0,40.0,2.0,2.0,0.0,4.0,3.0,17.0,17956.497745,64896.0,64320.0,502.0,502.0,client->server,0,benign
b_CO9NydXFRVd5nnee1,192.168.100.23,192.168.100.218,1,0,2023-07-07 21:56:37.809398016,ssl,0.406189,12.0,12.0,4.0,7.0,29.5429,29.5429,59.0858,1.0,392.0,32.0,40.0,392.0,32.0,40.0,2.0,2.0,0.0,4.0,7.0,23.0,140099.817881,64896.0,64320.0,758.0,502.0,client->server,0,benign
b_CCcV782IXX5AtZhwD4,192.168.100.104,192.168.100.218,1,0,2023-07-19 08:02:35.704307200,http,0.571147,13.0,12.0,5.0,5.0,22.761217,21.010354,43.771571,0.923077,424.0,32.0,40.0,392.0,32.0,40.0,2.0,2.0,0.0,5.0,5.0,24.0,18312.274494,64896.0,64320.0,502.0,502.0,client->server,0,benign
b_CJXthRpsKifEfAJVl,192.168.100.104,192.168.100.218,1,0,2023-07-20 08:51:46.730295040,http,0.327909,10.0,9.0,4.0,3.0,30.496266,27.44664,57.942906,0.9,328.0,32.0,40.0,296.0,32.0,40.0,2.0,2.0,0.0,4.0,3.0,18.0,28700.036314,64896.0,64320.0,502.0,502.0,client->server,0,benign
b_CABjy83dUtBklqS9Aj,192.168.100.104,192.168.100.218,1,0,2023-07-18 18:02:00.027892992,http,0.296327,10.0,10.0,5.0,4.0,33.746517,33.746517,67.493034,1.0,328.0,32.0,40.0,328.0,32.0,40.0,2.0,2.0,0.0,5.0,4.0,19.0,31205.404432,64896.0,64320.0,502.0,502.0,client->server,0,benign
CGjVi32pYPwHggAXi5,192.168.100.218,192.168.100.49,1,0,2023-09-07 02:26:13.480404992,,0.001279,1.0,1.0,0.0,0.0,781.935869,781.935869,1563.871738,1.0,40.0,40.0,40.0,20.0,20.0,20.0,0.0,1.0,1.0,0.0,0.0,1.0,0.0,64896.0,0.0,64896.0,0.0,server->client,0,benign
b_CV8weh3uqNSuDniZMk,192.168.100.104,192.168.100.218,1,0,2023-07-08 02:39:18.316254976,,0.005997,4.0,2.0,0.0,0.0,667.00656,333.50328,1000.50984,0.5,136.0,32.0,40.0,72.0,32.0,40.0,2.0,2.0,0.0,0.0,0.0,5.0,0.0,64896.0,64320.0,507.0,503.0,client->server,0,benign
b_Cs6rQn3rKQhdFh0IMb,192.168.100.115,192.168.100.218,1,0,2023-07-05 13:30:10.118233856,ssl,16.203338,12.0,12.0,4.0,8.0,0.740588,0.740588,1.481176,1.0,392.0,32.0,40.0,392.0,32.0,40.0,2.0,2.0,0.0,4.0,8.0,23.0,2752.766103,64896.0,64320.0,575.0,502.0,client->server,0,benign
b_CnevPg1gGH1Kr5gtph,192.168.100.23,192.168.100.218,1,0,2023-07-20 02:13:41.735714816,http,0.097349,7.0,6.0,2.0,2.0,71.906111,61.633809,133.53992,0.857143,232.0,32.0,40.0,200.0,32.0,40.0,2.0,2.0,0.0,2.0,2.0,12.0,17391.006564,64896.0,64320.0,503.0,502.0,client->server,0,benign
b_CcsUg9cS5NXqMYiE8,192.168.100.31,192.168.100.218,1,0,2023-07-20 15:01:48.047576832,ssl,0.11964,8.0,7.0,3.0,3.0,66.867206,58.508805,125.376011,0.875,264.0,32.0,40.0,232.0,32.0,40.0,2.0,2.0,0.0,3.0,3.0,14.0,19124.020892,64896.0,64320.0,502.0,502.0,client->server,0,benign
b_C7BRBB4ieWOYxYHUwf,192.168.100.31,192.168.100.218,1,0,2023-07-08 12:38:24.627265024,ssl,13.538964,10.0,9.0,4.0,4.0,0.738609,0.664748,1.403357,0.9,328.0,32.0,40.0,296.0,32.0,40.0,2.0,2.0,0.0,4.0,4.0,18.0,289.608569,64896.0,64320.0,502.0,502.0,client->server,0,benign
b_Cp827x3uZyTOnFdmr7,192.168.100.115,192.168.100.218,1,0,2023-07-18 14:53:33.094336000,http,0.244604,8.0,7.0,3.0,2.0,32.705942,28.617699,61.323641,0.875,264.0,32.0,40.0,232.0,32.0,40.0,2.0,2.0,0.0,3.0,2.0,14.0,20437.125353,64896.0,64320.0,503.0,502.0,client->server,0,benign
CcHBsg36fUezHxSKo8,192.168.100.218,192.168.100.23,1,0,2023-09-09 17:36:31.665744896,,0.001126,1.0,1.0,0.0,0.0,888.059284,888.059284,1776.118569,1.0,40.0,40.0,40.0,20.0,20.0,20.0,0.0,1.0,1.0,0.0,0.0,1.0,0.0,64896.0,0.0,64896.0,0.0,server->client,0,benign
CDZSha3lAoofPGkQkg,192.168.100.218,192.168.100.23,1,0,2023-09-10 12:54:32.344377088,,0.001207,1.0,1.0,0.0,0.0,828.58633,828.58633,1657.172659,1.0,40.0,40.0,40.0,20.0,20.0,20.0,0.0,1.0,1.0,0.0,0.0,1.0,0.0,64896.0,0.0,64896.0,0.0,server->client,0,benign
b_CKkzhY336GYBxBUbRe,192.168.100.23,192.168.100.218,1,0,2023-07-19 04:04:42.068119040,http,0.009176,5.0,3.0,1.0,0.0,544.898797,326.939278,871.838075,0.6,168.0,32.0,40.0,104.0,32.0,40.0,2.0,2.0,0.0,1.0,0.0,7.0,46425.377504,64896.0,64320.0,507.0,502.0,client->server,0,benign
CMacQj4DXhVhS0Ia91,192.168.100.218,192.168.100.31,1,0,2023-09-08 10:01:51.740973824,,0.000845,1.0,1.0,0.0,0.0,1183.494357,1183.494357,2366.988713,1.0,40.0,40.0,40.0,20.0,20.0,20.0,0.0,1.0,1.0,0.0,0.0,1.0,0.0,64896.0,0.0,64896.0,0.0,server->client,0,benign
CZhais4XlTv5fPMvC9,192.168.100.218,192.168.100.31,1,0,2023-09-07 22:17:02.702456064,,0.000785,1.0,1.0,0.0,0.0,1273.703006,1273.703006,2547.406013,1.0,40.0,40.0,40.0,20.0,20.0,20.0,0.0,1.0,1.0,0.0,0.0,1.0,0.0,64896.0,0.0,64896.0,0.0,server->client,0,benign
b_CYG9y83oc1wrVUYPTc,192.168.100.31,192.168.100.218,1,0,2023-07-20 21:12:29.029788928,ssl,0.141486,12.0,12.0,3.0,8.0,84.814087,84.814087,169.628175,1.0,392.0,32.0,40.0,392.0,32.0,40.0,2.0,2.0,0.0,3.0,8.0,23.0,334704.660534,64896.0,64320.0,550.0,502.0,client->server,0,benign
C5Ebql4mjiKgV1Q8Y7,192.168.100.218,192.168.100.99,1,0,2023-09-07 10:37:15.706476032,,0.000324,1.0,1.0,0.0,0.0,3086.316409,3086.316409,6172.632818,1.0,40.0,40.0,40.0,20.0,20.0,20.0,0.0,1.0,1.0,0.0,0.0,1.0,0.0,64896.0,0.0,64896.0,0.0,server->client,0,benign
b_CjrlVt297ndYMX3mm2,192.168.100.115,192.168.100.218,1,0,2023-07-21 10:43:06.780201984,ssl,0.258114,11.0,10.0,5.0,5.0,42.616812,38.742556,81.359368,0.909091,360.0,32.0,40.0,328.0,32.0,40.0,2.0,2.0,0.0,5.0,5.0,20.0,18925.738692,64896.0,64320.0,502.0,502.0,client->server,0,benign
b_Cb841L2xtIfvX3sIfi,192.168.100.49,192.168.100.218,1,0,2023-07-05 12:37:28.001432832,http,0.57427,9.0,9.0,4.0,3.0,15.67207,15.67207,31.344141,1.0,296.0,32.0,40.0,296.0,32.0,40.0,2.0,2.0,0.0,4.0,3.0,17.0,14616.817619,64896.0,64320.0,502.0,502.0,client->server,0,benign
CbjVP7rrTpCeJuFq5,192.168.100.218,192.168.100.104,1,0,2023-09-08 15:06:27.358405120,,0.001044999,1.0,1.0,0.0,0.0,956.948209,956.948209,1913.896418,1.0,40.0,40.0,40.0,20.0,20.0,20.0,0.0,1.0,1.0,0.0,0.0,1.0,0.0,64896.0,0.0,64896.0,0.0,server->client,0,benign
Chv1d64HpFbdKzmNOh,192.168.100.218,192.168.100.23,1,0,2023-09-06 21:10:28.185758208,,0.00034,1.0,1.0,0.0,0.0,2941.307153,2941.307153,5882.614306,1.0,40.0,40.0,40.0,20.0,20.0,20.0,0.0,1.0,1.0,0.0,0.0,1.0,0.0,64896.0,0.0,64896.0,0.0,server->client,0,benign
CxrFOn2buG4glhuG62,192.168.100.218,192.168.100.115,1,0,2023-09-08 02:33:15.402523904,,0.000855,1.0,1.0,0.0,0.0,1169.633017,1169.633017,2339.266035,1.0,40.0,40.0,40.0,20.0,20.0,20.0,0.0,1.0,1.0,0.0,0.0,1.0,0.0,64896.0,0.0,64896.0,0.0,server->client,0,benign
CCLqYa417WmlyfVYQe,192.168.100.218,192.168.100.49,1,0,2023-09-07 17:58:15.392500992,,0.000401,1.0,1.0,0.0,0.0,2495.124331,2495.124331,4990.248662,1.0,40.0,40.0,40.0,20.0,20.0,20.0,0.0,1.0,1.0,0.0,0.0,1.0,0.0,64896.0,0.0,64896.0,0.0,server->client,0,benign
b_CxasjT1lWJjtUdWiq9,192.168.100.49,130.211.44.5,1,0,2023-07-08 07:40:10.172463872,ssl,3.357665,11.0,11.0,5.0,4.0,3.276086,3.276086,6.552172,1.0,360.0,32.0,40.0,360.0,32.0,40.0,2.0,2.0,0.0,5.0,4.0,21.0,1311.030111,64896.0,65535.0,502.0,280.0,client->internet,0,benign
b_CRAGta4tgrdFcWddmk,192.168.100.115,192.168.100.218,1,0,2023-07-20 23:24:28.090650112,ssl,0.064992999,10.0,9.0,4.0,4.0,153.862949,138.476654,292.339604,0.9,328.0,32.0,40.0,296.0,32.0,40.0,2.0,2.0,0.0,4.0,4.0,18.0,58067.877095,64896.0,64320.0,502.0,502.0,client->server,0,benign
Cxlz3fJuIU4efjzre,192.168.100.218,192.168.100.31,1,0,2023-09-08 10:16:57.718883072,,0.000364,1.0,1.0,0.0,0.0,2746.760969,2746.760969,5493.521938,1.0,40.0,40.0,40.0,20.0,20.0,20.0,0.0,1.0,1.0,0.0,0.0,1.0,0.0,64896.0,0.0,64896.0,0.0,server->client,0,benign
C0ffdb21vC1gCDLkuh,192.168.100.218,192.168.100.104,1,0,2023-09-08 15:06:43.903241984,,0.000956,1.0,1.0,0.0,0.0,1046.222,1046.222,2092.444001,1.0,40.0,40.0,40.0,20.0,20.0,20.0,0.0,1.0,1.0,0.0,0.0,1.0,0.0,64896.0,0.0,64896.0,0.0,server->client,0,benign
Cri25bhcBcB7mttYl,192.168.100.218,192.168.100.104,1,0,2023-09-09 22:05:49.330296064,,0.000348,1.0,1.0,0.0,0.0,2874.779986,2874.779986,5749.559973,1.0,40.0,40.0,40.0,20.0,20.0,20.0,0.0,1.0,1.0,0.0,0.0,1.0,0.0,64896.0,0.0,64896.0,0.0,server->client,0,benign
b_C52Slq2LOioaCaXF2d,192.168.100.104,192.168.100.218,1,0,2023-07-08 06:46:01.484638976,,0.028914,4.0,2.0,0.0,0.0,138.341409,69.170704,207.512113,0.5,136.0,32.0,40.0,72.0,32.0,40.0,2.0,2.0,0.0,0.0,0.0,5.0,0.0,64896.0,64320.0,507.0,503.0,client->server,0,benign
C65Xf61i518fWlwVU6,192.168.100.218,192.168.100.115,1,0,2023-09-07 08:07:27.988132864,,0.000884,1.0,1.0,0.0,0.0,1131.149946,1131.149946,2262.299892,1.0,40.0,40.0,40.0,20.0,20.0,20.0,0.0,1.0,1.0,0.0,0.0,1.0,0.0,64896.0,0.0,64896.0,0.0,server->client,0,benign
b_CcZVprRWEyqRYWDN2,192.168.100.31,130.211.44.5,1,0,2023-07-21 04:22:57.779586048,ssl,13.055704,10.0,10.0,4.0,3.0,0.765949,0.765949,1.531897,1.0,328.0,32.0,40.0,328.0,32.0,40.0,2.0,2.0,0.0,4.0,3.0,19.0,255.980071,64896.0,65535.0,502.0,273.0,client->internet,0,benign
b_Cc5nP4lnvuw2GPz3d,192.168.100.23,192.168.100.218,1,0,2023-07-20 08:12:37.509982976,http,0.48894,12.0,12.0,5.0,5.0,24.542889,24.542889,49.085777,1.0,392.0,32.0,40.0,392.0,32.0,40.0,2.0,2.0,0.0,5.0,5.0,23.0,24383.359895,64896.0,64320.0,502.0,502.0,client->server,0,benign
CEVLUx4sPAcCdcohVg,192.168.100.218,192.168.100.104,1,0,2023-09-09 19:10:05.400633088,,0.000864,1.0,1.0,0.0,0.0,1157.688104,1157.688104,2315.376208,1.0,40.0,40.0,40.0,20.0,20.0,20.0,0.0,1.0,1.0,0.0,0.0,1.0,0.0,64896.0,0.0,64896.0,0.0,server->client,0,benign
a_CK540C1mOaKweqjCSl,192.168.100.115,185.125.188.58,1,0,2023-09-14 09:16:57.749750016,ssl,5.203468,12.0,11.0,4.0,6.0,2.306154,2.113975,4.420129,0.916667,392.0,32.0,40.0,336.0,20.0,40.0,2.0,2.0,2.0,4.0,6.0,20.0,1246.092009,64896.0,62230.0,502.0,0.0,client->internet,0,benign
b_CxkCO1s7WhXKvhbX6,192.168.100.31,192.168.100.218,1,0,2023-07-20 04:26:32.117620992,http,0.590865,13.0,12.0,5.0,5.0,22.001637,20.309203,42.31084,0.923077,424.0,32.0,40.0,392.0,32.0,40.0,2.0,2.0,0.0,5.0,5.0,24.0,18195.35349,64896.0,64320.0,502.0,502.0,client->server,0,benign
CNove71oxDvno4cn25,192.168.100.218,192.168.100.99,1,0,2023-09-10 06:27:01.357847040,,0.001081,1.0,1.0,0.0,0.0,925.078077,925.078077,1850.156154,1.0,40.0,40.0,40.0,20.0,20.0,20.0,0.0,1.0,1.0,0.0,0.0,1.0,0.0,64896.0,0.0,64896.0,0.0,server->client,0,benign
b_CfNqAD4wtaKunpqDP7,192.168.100.99,192.168.100.218,1,0,2023-07-19 23:32:40.037830144,ssl,0.033355,7.0,6.0,3.0,3.0,209.863604,179.883089,389.746692,0.857143,232.0,32.0,40.0,200.0,32.0,40.0,0.0,2.0,1.0,3.0,3.0,12.0,171968.23285,64896.0,64320.0,502.0,502.0,client->server,0,benign
b_CDkIsZVj1j8Xq8iQb,192.168.100.31,104.81.231.107,1,0,2023-07-20 00:52:28.232134144,ssl,14.413904,10.0,12.0,2.0,7.0,0.693775,0.832529,1.526304,1.2,328.0,32.0,40.0,392.0,32.0,40.0,2.0,2.0,0.0,2.0,7.0,21.0,397.116563,64896.0,65160.0,502.0,506.0,client->internet,0,benign
b_CmPPRW3NqxFDHOSTEb,192.168.100.49,192.168.100.218,1,0,2023-07-08 19:04:17.395930880,http,0.532613,9.0,9.0,4.0,3.0,16.897821,16.897821,33.795643,1.0,296.0,32.0,40.0,296.0,32.0,40.0,2.0,2.0,0.0,4.0,3.0,17.0,16924.106884,64896.0,64320.0,502.0,502.0,client->server,0,benign
CHXxeD3dokAQjH5tQe,192.168.100.218,192.168.100.104,1,0,2023-09-09 19:09:32.349821184,,0.000284,1.0,1.0,0.0,0.0,3521.665827,3521.665827,7043.331654,1.0,40.0,40.0,40.0,20.0,20.0,20.0,0.0,1.0,1.0,0.0,0.0,1.0,0.0,64896.0,0.0,64896.0,0.0,server->client,0,benign
CGromh3M58bUU9tn1b,192.168.100.218,192.168.100.99,1,0,2023-09-10 06:26:44.066919936,,0.000309,1.0,1.0,0.0,0.0,3236.345679,3236.345679,6472.691358,1.0,40.0,40.0,40.0,20.0,20.0,20.0,0.0,1.0,1.0,0.0,0.0,1.0,0.0,64896.0,0.0,64896.0,0.0,server->client,0,benign
b_CKMwS52ZbxjtjAdFM4,192.168.100.23,13.107.246.67,1,0,2023-07-07 22:26:41.119195904,,0.000509,1.0,1.0,0.0,0.0,1964.545199,1964.545199,3929.090398,1.0,20.0,20.0,20.0,32.0,32.0,32.0,1.0,0.0,1.0,0.0,0.0,1.0,0.0,0.0,501.0,0.0,501.0,client->internet,0,benign
C95g6V2NiqpxvmMpqk,192.168.100.218,192.168.100.31,1,0,2023-09-07 23:08:09.401874944,,0.001845,1.0,1.0,0.0,0.0,542.039804,542.039804,1084.079607,1.0,40.0,40.0,40.0,20.0,20.0,20.0,0.0,1.0,1.0,0.0,0.0,1.0,0.0,64896.0,0.0,64896.0,0.0,server->client,0,benign
b_Cx7xL1f2HoojlSJsg,192.168.100.115,192.168.100.218,1,0,2023-07-20 05:37:00.703126016,http,0.119752,10.0,9.0,5.0,5.0,83.505961,75.155365,158.661326,0.9,328.0,32.0,40.0,296.0,32.0,40.0,2.0,2.0,0.0,5.0,5.0,18.0,72023.891247,64896.0,64320.0,502.0,502.0,client->server,0,benign
b_Cgy6K1oHTzHBQ8JDa,192.168.100.115,192.168.100.218,1,0,2023-07-19 12:31:47.169203968,ssl,0.093455,10.0,9.0,4.0,5.0,107.003283,96.302955,203.306238,0.9,328.0,32.0,40.0,296.0,32.0,40.0,2.0,2.0,0.0,4.0,5.0,18.0,53341.136745,64896.0,64320.0,502.0,502.0,client->server,0,benign
CRsqOJ3WbHvi8TkD0i,192.168.100.218,192.168.100.99,1,0,2023-09-10 04:53:58.966978048,,0.000994,1.0,1.0,0.0,0.0,1006.069561,1006.069561,2012.139122,1.0,40.0,40.0,40.0,20.0,20.0,20.0,0.0,1.0,1.0,0.0,0.0,1.0,0.0,64896.0,0.0,64896.0,0.0,server->client,0,benign
b_CBgkf73mvTRbgMkzU8,192.168.100.104,192.168.100.218,1,0,2023-07-20 09:39:43.537692160,ssl,0.027193,9.0,8.0,3.0,4.0,330.969585,294.195187,625.164771,0.888889,296.0,32.0,40.0,264.0,32.0,40.0,2.0,2.0,0.0,3.0,4.0,16.0,350680.662347,64896.0,64320.0,502.0,502.0,client->server,0,benign
b_CbYmMlk14wdCTB7ef,192.168.100.49,192.168.100.218,1,0,2023-07-08 13:41:05.501395968,ssl,0.010283,6.0,5.0,2.0,3.0,583.487688,486.23974,1069.727429,0.833333,200.0,32.0,40.0,168.0,32.0,40.0,0.0,2.0,1.0,2.0,3.0,10.0,266167.633851,64896.0,64320.0,502.0,502.0,client->server,0,benign
b_CLnQio28Qqe0eq95e6,192.168.100.115,95.101.149.241,1,0,2023-07-05 23:43:21.190844928,ssl,22.801165,8.0,8.0,2.0,2.0,0.350859,0.350859,0.701719,1.0,276.0,32.0,44.0,264.0,32.0,40.0,3.0,2.0,0.0,2.0,2.0,15.0,33.814062,64896.0,65160.0,506.0,505.0,client->internet,0,benign
CGZthr1by8U0A9MSZ8,192.168.100.218,192.168.100.23,1,0,2023-09-07 06:18:46.440197888,,0.000811,1.0,1.0,0.0,0.0,1232.893592,1232.893592,2465.787184,1.0,40.0,40.0,40.0,20.0,20.0,20.0,0.0,1.0,1.0,0.0,0.0,1.0,0.0,64896.0,0.0,64896.0,0.0,server->client,0,benign
b_C6SuTF2HJEeUyGaEa,192.168.100.31,162.19.138.82,1,0,2023-07-07 21:12:32.184210176,ssl,6.458648,13.0,12.0,3.0,8.0,2.012805,1.857974,3.870779,0.923077,436.0,32.0,44.0,392.0,32.0,40.0,2.0,2.0,1.0,3.0,8.0,24.0,994.790246,64896.0,65160.0,502.0,501.0,client->internet,0,benign
CSncop2IujNczV6EL2,192.168.100.218,192.168.100.115,1,0,2023-09-10 03:30:36.792585984,,0.000392,1.0,1.0,0.0,0.0,2551.279805,2551.279805,5102.559611,1.0,40.0,40.0,40.0,20.0,20.0,20.0,0.0,1.0,1.0,0.0,0.0,1.0,0.0,64896.0,0.0,64896.0,0.0,server->client,0,benign
b_Ccca4qAHLMpHYH611,192.168.100.104,192.168.100.218,1,0,2023-07-07 21:47:55.600776960,http,1.219355,12.0,13.0,6.0,5.0,9.841268,10.661373,20.502641,1.083333,392.0,32.0,40.0,424.0,32.0,40.0,2.0,2.0,0.0,6.0,5.0,24.0,9974.124795,64896.0,64320.0,502.0,502.0,client->server,0,benign
b_CCivkO2eH3PdHVfyWb,192.168.100.49,192.168.100.218,1,0,2023-07-19 02:50:58.719603968,http,0.481916,11.0,11.0,5.0,4.0,22.825557,22.825557,45.651114,1.0,360.0,32.0,40.0,360.0,32.0,40.0,2.0,2.0,0.0,5.0,4.0,21.0,16953.163694,64896.0,64320.0,502.0,502.0,client->server,0,benign
CmQj762tws6CG8ynX7,192.168.100.218,192.168.100.49,1,0,2023-09-09 21:29:27.392553216,,0.000279,1.0,1.0,0.0,0.0,3584.875214,3584.875214,7169.750427,1.0,40.0,40.0,40.0,20.0,20.0,20.0,0.0,1.0,1.0,0.0,0.0,1.0,0.0,64896.0,0.0,64896.0,0.0,server->client,0,benign
CMOyCBAzT8rhc1kFc,192.168.100.218,192.168.100.49,1,0,2023-09-08 06:51:50.768158976,,0.000369,1.0,1.0,0.0,0.0,2709.498708,2709.498708,5418.997416,1.0,40.0,40.0,40.0,20.0,20.0,20.0,0.0,1.0,1.0,0.0,0.0,1.0,0.0,64896.0,0.0,64896.0,0.0,server->client,0,benign
b_CiKSbc4kM77ZHNiqw,192.168.100.115,192.168.100.218,1,0,2023-07-20 16:47:06.798288128,http,0.563606,12.0,11.0,5.0,4.0,21.291478,19.517188,40.808666,0.916667,392.0,32.0,40.0,360.0,32.0,40.0,2.0,2.0,0.0,5.0,4.0,22.0,17224.805444,64896.0,64320.0,502.0,502.0,client->server,0,benign
b_CRgWA93YdpyHs3NJyf,192.168.100.23,192.168.100.218,1,0,2023-07-20 16:48:31.613964032,ssl,0.09569,10.0,9.0,4.0,4.0,104.504115,94.053703,198.557818,0.9,328.0,32.0,40.0,296.0,32.0,40.0,2.0,2.0,0.0,4.0,4.0,18.0,38823.27866,64896.0,64320.0,502.0,502.0,client->server,0,benign
b_CMkCut1e33k3Ub33P5,192.168.100.115,95.101.149.103,1,0,2023-07-08 17:41:12.828465920,ssl,27.547783,9.0,8.0,2.0,3.0,0.326705,0.290404,0.61711,0.888889,296.0,32.0,40.0,264.0,32.0,40.0,2.0,2.0,0.0,2.0,3.0,16.0,47.989342,64896.0,65160.0,503.0,505.0,client->internet,0,benign
b_C8brRZ172Pah3ewUyk,192.168.100.104,192.168.100.218,1,0,2023-07-08 18:11:32.455281920,ssl,0.023871,6.0,5.0,2.0,3.0,251.351591,209.459659,460.81125,0.833333,200.0,32.0,40.0,168.0,32.0,40.0,0.0,2.0,1.0,2.0,3.0,10.0,114658.217455,64896.0,64320.0,502.0,502.0,client->server,0,benign
CKXojs0IbyPRgEHq9,192.168.100.218,192.168.100.31,1,0,2023-09-08 04:13:04.165824768,,0.000874,1.0,1.0,0.0,0.0,1144.109111,1144.109111,2288.218221,1.0,40.0,40.0,40.0,20.0,20.0,20.0,0.0,1.0,1.0,0.0,0.0,1.0,0.0,64896.0,0.0,64896.0,0.0,server->client,0,benign
b_CGzlxb36oMTcun4Rrb,192.168.100.31,130.211.44.5,1,0,2023-07-07 23:46:27.855685120,ssl,3.563462,11.0,12.0,3.0,6.0,3.086886,3.367512,6.454397,1.090909,360.0,32.0,40.0,392.0,32.0,40.0,2.0,2.0,0.0,3.0,6.0,22.0,3597.344361,64896.0,65535.0,502.0,282.0,client->internet,0,benign
C1tZd11Tw16YSPJYQb,192.168.100.218,192.168.100.99,1,0,2023-09-09 17:00:50.315610880,,0.001132,1.0,1.0,0.0,0.0,883.383319,883.383319,1766.766639,1.0,40.0,40.0,40.0,20.0,20.0,20.0,0.0,1.0,1.0,0.0,0.0,1.0,0.0,64896.0,0.0,64896.0,0.0,server->client,0,benign
CmZise2hKjf1jY6ZP8,192.168.100.218,192.168.100.115,1,0,2023-09-08 09:44:35.743933952,,0.00141,1.0,1.0,0.0,0.0,709.216097,709.216097,1418.432195,1.0,40.0,40.0,40.0,20.0,20.0,20.0,0.0,1.0,1.0,0.0,0.0,1.0,0.0,64896.0,0.0,64896.0,0.0,server->client,0,benign
b_C2LvyV2eAGmAHkBvic,192.168.100.49,130.211.44.5,1,0,2023-07-07 23:47:20.746150144,ssl,3.261254,11.0,11.0,3.0,5.0,3.372936,3.372936,6.745871,1.0,360.0,32.0,40.0,360.0,32.0,40.0,2.0,2.0,0.0,3.0,5.0,21.0,2876.194186,64896.0,65535.0,502.0,282.0,client->internet,0,benign
b_CjQZgy3yjwE1yKMzjl,192.168.100.49,130.211.44.5,1,0,2023-07-21 00:58:46.006928896,ssl,3.006213,11.0,10.0,3.0,4.0,3.659088,3.326444,6.985533,0.909091,360.0,32.0,40.0,328.0,32.0,40.0,2.0,2.0,0.0,3.0,4.0,20.0,2820.159273,64896.0,65535.0,502.0,271.0,client->internet,0,benign
CGWDPA3vK2KRz8mnN4,192.168.100.218,192.168.100.104,1,0,2023-09-10 04:42:07.963809024,,0.001025,1.0,1.0,0.0,0.0,975.646429,975.646429,1951.292859,1.0,40.0,40.0,40.0,20.0,20.0,20.0,0.0,1.0,1.0,0.0,0.0,1.0,0.0,64896.0,0.0,64896.0,0.0,server->client,0,benign
b_Cq0zrc13RsQSVAvYq2,192.168.100.115,192.168.100.218,1,0,2023-07-18 14:23:22.476155904,http,14.250182,12.0,11.0,3.0,7.0,0.842095,0.77192,1.614014,0.916667,392.0,32.0,40.0,360.0,32.0,40.0,2.0,2.0,0.0,3.0,6.0,22.0,3083.890456,64896.0,64320.0,502.0,502.0,client->server,0,benign
b_CxFh5b16wWkHQM9nV5,192.168.100.104,192.168.100.218,1,0,2023-07-08 14:35:50.849821184,http,0.605783,12.0,12.0,5.0,5.0,19.809074,19.809074,39.618148,1.0,392.0,32.0,40.0,392.0,32.0,40.0,2.0,2.0,0.0,5.0,5.0,23.0,18688.210576,64896.0,64320.0,502.0,502.0,client->server,0,benign
b_CfOGj3ilRZOw6qrA5,192.168.100.31,192.168.100.218,1,0,2023-07-08 01:47:21.154315008,,0.004859,4.0,2.0,0.0,0.0,823.219627,411.609814,1234.829441,0.5,136.0,32.0,40.0,72.0,32.0,40.0,2.0,2.0,0.0,0.0,0.0,5.0,0.0,64896.0,64320.0,507.0,503.0,client->server,0,benign
b_CJyGBmjOYA5LLuukg,192.168.100.23,23.206.22.237,1,0,2023-07-08 07:47:01.134952960,ssl,30.339033,7.0,8.0,2.0,3.0,0.230726,0.263687,0.494413,1.142857,232.0,32.0,40.0,264.0,32.0,40.0,2.0,2.0,0.0,2.0,3.0,14.0,26.072024,64896.0,65160.0,506.0,506.0,client->internet,0,benign
b_CkvBQs3hsqqn5ERJ41,192.168.100.115,192.168.100.218,1,0,2023-07-21 14:42:09.072422912,ssl,23.222474,12.0,11.0,4.0,7.0,0.516741,0.473679,0.99042,0.916667,392.0,32.0,40.0,360.0,32.0,40.0,2.0,2.0,0.0,4.0,7.0,22.0,2107.312072,64896.0,64320.0,683.0,502.0,client->server,0,benign
b_C857RP2bfsGIi9wT1d,192.168.100.104,192.168.100.218,1,0,2023-07-05 20:00:59.246289920,http,0.573206,13.0,13.0,6.0,5.0,22.679458,22.679458,45.358915,1.0,424.0,32.0,40.0,424.0,32.0,40.0,2.0,2.0,0.0,6.0,5.0,25.0,20099.233169,64896.0,64320.0,502.0,502.0,client->server,0,benign
CLPQOq3GMy8MNMIDh6,192.168.100.218,192.168.100.115,1,0,2023-09-08 04:58:43.639591936,,0.00042,1.0,1.0,0.0,0.0,2380.422247,2380.422247,4760.844495,1.0,40.0,40.0,40.0,20.0,20.0,20.0,0.0,1.0,1.0,0.0,0.0,1.0,0.0,64896.0,0.0,64896.0,0.0,server->client,0,benign
b_CI5PF61vrpO1mncdi5,192.168.100.115,192.168.100.218,1,0,2023-07-06 00:06:38.370484992,ssl,0.023493,7.0,7.0,3.0,4.0,297.960441,297.960441,595.920883,1.0,232.0,32.0,40.0,232.0,32.0,40.0,0.0,2.0,1.0,3.0,4.0,13.0,548970.830125,64896.0,64320.0,502.0,502.0,client->server,0,benign
b_Cs1RmT2ITZpnXS02Ra,192.168.100.115,163.181.56.192,1,0,2023-07-05 23:22:14.942276864,,0.0,0.0,1.0,0.0,0.0,0.0,0.0,0.0,0.0,0.0,0.0,0.0,20.0,20.0,20.0,0.0,0.0,1.0,0.0,0.0,0.0,0.0,0.0,0.0,0.0,0.0,client->internet,0,benign
CpTw5Wyp41HIN8Ocl,192.168.100.218,192.168.100.31,1,0,2023-09-08 04:12:30.956748032,,0.761385,5.0,5.0,3.0,0.0,6.56698,6.56698,13.13396,1.0,168.0,32.0,40.0,168.0,32.0,40.0,0.0,2.0,1.0,3.0,0.0,9.0,237.724684,64896.0,64320.0,507.0,502.0,server->client,0,benign
b_C5yx1h4eO1tyF4tpi9,192.168.100.31,192.168.100.218,1,0,2023-07-05 22:27:46.763868928,http,0.458242,12.0,13.0,6.0,5.0,26.18704,28.369293,54.556333,1.083333,392.0,32.0,40.0,424.0,32.0,40.0,2.0,2.0,0.0,6.0,5.0,24.0,28812.290759,64896.0,64320.0,502.0,502.0,client->server,0,benign
b_C2CKi91vS2doGmgOoc,192.168.100.99,23.197.7.132,1,0,2023-07-08 14:43:36.940355072,ssl,0.076131,8.0,7.0,1.0,3.0,105.082213,91.946937,197.02915,0.875,264.0,32.0,40.0,232.0,32.0,40.0,2.0,2.0,0.0,1.0,3.0,14.0,87691.106941,64896.0,65160.0,502.0,506.0,client->internet,0,benign
b_CIRInmQ8y9v19h2Ja,192.168.100.99,192.168.100.218,1,0,2023-07-20 13:22:16.655062016,http,8.212844,11.0,10.0,2.0,7.0,1.339365,1.217605,2.55697,0.909091,360.0,32.0,40.0,328.0,32.0,40.0,2.0,2.0,0.0,2.0,6.0,20.0,4649.424655,64896.0,64320.0,502.0,502.0,client->server,0,benign
b_COSkfd1B0b6ACNUNtj,192.168.100.104,192.168.100.218,1,0,2023-07-05 05:50:25.721480960,http,0.57455,13.0,12.0,5.0,5.0,22.626407,20.885914,43.512321,0.923077,424.0,32.0,40.0,392.0,32.0,40.0,2.0,2.0,0.0,5.0,5.0,24.0,18464.888346,64896.0,64320.0,502.0,502.0,client->server,0,benign
b_CFjCFt4c4vav0Y4Qza,192.168.100.49,192.168.100.218,1,0,2023-07-08 07:27:33.403873024,http,0.102894,7.0,6.0,2.0,2.0,68.031133,58.3124,126.343533,0.857143,232.0,32.0,40.0,200.0,32.0,40.0,2.0,2.0,0.0,2.0,2.0,12.0,21002.182603,64896.0,64320.0,503.0,502.0,client->server,0,benign
b_Cg09ee2M5YNHQ4U0cf,192.168.100.99,192.168.100.218,1,0,2023-07-08 13:54:54.661211136,http,0.450655,10.0,9.0,4.0,3.0,22.189924,19.970932,42.160856,0.9,328.0,32.0,40.0,296.0,32.0,40.0,2.0,2.0,0.0,4.0,3.0,18.0,12692.636738,64896.0,64320.0,502.0,502.0,client->server,0,benign
b_C5sQoD4MThcqBuRphg,192.168.100.99,192.168.100.218,1,0,2023-07-20 04:49:26.084596992,ssl,0.270588,9.0,9.0,4.0,4.0,33.260908,33.260908,66.521816,1.0,296.0,32.0,40.0,296.0,32.0,40.0,2.0,2.0,0.0,4.0,4.0,17.0,26423.943722,64896.0,64320.0,502.0,502.0,client->server,0,benign
b_CjNUON2lC7nwjenO7e,192.168.100.99,192.168.100.218,1,0,2023-07-18 21:07:06.636774144,ssl,24.193815,10.0,9.0,4.0,4.0,0.413329,0.371996,0.785325,0.9,328.0,32.0,40.0,296.0,32.0,40.0,2.0,2.0,0.0,4.0,4.0,18.0,177.896706,64896.0,64320.0,502.0,502.0,client->server,0,benign
b_CZYKpa4bsKs096jOr2,192.168.100.23,192.168.100.218,1,0,2023-07-21 13:51:09.410588928,http,0.341358,9.0,9.0,4.0,3.0,26.365286,26.365286,52.730573,1.0,296.0,32.0,40.0,296.0,32.0,40.0,2.0,2.0,0.0,4.0,3.0,17.0,18947.852447,64896.0,64320.0,502.0,502.0,client->server,0,benign
b_CQXS9c3aBkejdsy9ki,192.168.100.23,192.168.100.218,1,0,2023-07-19 13:14:54.906234112,http,0.570382,12.0,11.0,5.0,4.0,21.038537,19.285325,40.323862,0.916667,392.0,32.0,40.0,360.0,32.0,40.0,2.0,2.0,0.0,5.0,4.0,22.0,14260.621328,64896.0,64320.0,502.0,502.0,client->server,0,benign
b_CANt9SjYWZaOES12b,192.168.100.23,130.211.44.5,1,0,2023-07-05 05:51:27.260654848,ssl,3.723069,11.0,10.0,3.0,4.0,2.954552,2.685956,5.640508,0.909091,360.0,32.0,40.0,328.0,32.0,40.0,2.0,2.0,0.0,3.0,4.0,20.0,2593.827701,64896.0,65535.0,502.0,282.0,client->internet,0,benign
b_CCJwMT19QsfQ95gHN5,192.168.100.49,192.168.100.218,1,0,2023-07-19 12:09:58.872236032,http,0.417294,9.0,8.0,3.0,3.0,21.567527,19.171135,40.738661,0.888889,296.0,32.0,40.0,264.0,32.0,40.0,2.0,2.0,0.0,3.0,3.0,16.0,13316.74949,64896.0,64320.0,502.0,502.0,client->server,0,benign
b_Cx88ug1yYWF8h2FTof,192.168.100.23,192.168.100.218,1,0,2023-07-21 13:39:02.313925120,http,0.122954,7.0,6.0,2.0,2.0,56.931911,48.798781,105.730692,0.857143,232.0,32.0,40.0,200.0,32.0,40.0,2.0,2.0,0.0,2.0,2.0,12.0,11402.648424,64896.0,64320.0,504.0,502.0,client->server,0,benign
b_CaLyln1hnlZuSwmmxl,192.168.100.31,192.168.100.218,1,0,2023-07-18 20:37:05.048350208,http,7.539789,12.0,11.0,3.0,7.0,1.591556,1.458927,3.050483,0.916667,392.0,32.0,40.0,360.0,32.0,40.0,2.0,2.0,0.0,3.0,7.0,22.0,5849.633223,64896.0,64320.0,502.0,502.0,client->server,0,benign
b_CW8wNF29tWdW4Ya5vk,192.168.100.23,192.168.100.218,1,0,2023-07-20 08:15:44.056972032,ssl,0.023442,9.0,8.0,3.0,4.0,383.925796,341.267374,725.193169,0.888889,296.0,32.0,40.0,264.0,32.0,40.0,2.0,2.0,0.0,3.0,4.0,16.0,575547.426014,64896.0,64320.0,502.0,502.0,client->server,0,benign
CDTTEEfnxvyBa9Rpk,192.168.100.115,185.125.188.55,1,0,2023-09-10 09:16:57.141782016,ssl,5.171818,11.0,10.0,4.0,6.0,2.126912,1.933556,4.060468,0.909091,360.0,32.0,40.0,304.0,20.0,40.0,2.0,2.0,2.0,4.0,6.0,18.0,1102.126947,64896.0,62230.0,502.0,0.0,client->internet,0,benign
CZtDSd2HRBjkYg9Wk6,192.168.100.218,192.168.100.31,1,0,2023-09-10 00:39:00.739913984,,0.000909,1.0,1.0,0.0,0.0,1100.001049,1100.001049,2200.002098,1.0,40.0,40.0,40.0,20.0,20.0,20.0,0.0,1.0,1.0,0.0,0.0,1.0,0.0,64896.0,0.0,64896.0,0.0,server->client,0,benign
b_C0c07A12LOjeGMZBwb,192.168.100.49,192.168.100.218,1,0,2023-07-20 01:45:33.925337088,ssl,16.329098,10.0,9.0,4.0,4.0,0.612404,0.551163,1.163567,0.9,328.0,32.0,40.0,296.0,32.0,40.0,2.0,2.0,0.0,4.0,4.0,18.0,266.885532,64896.0,64320.0,502.0,502.0,client->server,0,benign
b_CYc5dA4aAbZ3MR93n9,192.168.100.23,192.168.100.218,1,0,2023-07-05 15:29:19.443502848,ssl,0.072343,12.0,11.0,4.0,8.0,165.876195,152.053179,317.929374,0.916667,392.0,32.0,40.0,360.0,32.0,40.0,2.0,2.0,0.0,4.0,8.0,22.0,747631.657304,64896.0,64320.0,502.0,502.0,client->server,0,benign
b_CJlGGU3c1yUswSy1p7,192.168.100.104,192.168.100.218,1,0,2023-07-08 20:25:38.776174080,http,0.6306,9.0,9.0,4.0,3.0,14.272122,14.272122,28.544245,1.0,296.0,32.0,40.0,296.0,32.0,40.0,2.0,2.0,0.0,4.0,3.0,17.0,13393.593922,64896.0,64320.0,502.0,502.0,client->server,0,benign
CT2kmMY8atFD8v5li,192.168.100.218,192.168.100.104,1,0,2023-09-07 02:07:52.209826048,,0.000923,1.0,1.0,0.0,0.0,1083.519504,1083.519504,2167.039008,1.0,40.0,40.0,40.0,20.0,20.0,20.0,0.0,1.0,1.0,0.0,0.0,1.0,0.0,64896.0,0.0,64896.0,0.0,server->client,0,benign
b_CLSxsw1HzdG2iZVAgf,192.168.100.104,192.168.100.218,1,0,2023-07-19 12:02:44.417596928,ssl,0.02869,7.0,6.0,3.0,3.0,243.988632,209.133113,453.121744,0.857143,232.0,32.0,40.0,200.0,32.0,40.0,0.0,2.0,1.0,3.0,3.0,12.0,201813.453887,64896.0,64320.0,502.0,502.0,client->server,0,benign
b_CguxslLKufyW5ll94,192.168.100.115,192.168.100.218,1,0,2023-07-20 17:48:19.484147968,ssl,0.054732,8.0,7.0,3.0,3.0,146.166551,127.895732,274.062284,0.875,264.0,32.0,40.0,232.0,32.0,40.0,2.0,2.0,0.0,3.0,3.0,14.0,36961.866642,64896.0,64320.0,502.0,502.0,client->server,0,benign
Cln61A1wqD9UM5n35,192.168.100.218,192.168.100.104,1,0,2023-09-08 10:44:53.617337856,,0.000896,1.0,1.0,0.0,0.0,1116.100053,1116.100053,2232.200106,1.0,40.0,40.0,40.0,20.0,20.0,20.0,0.0,1.0,1.0,0.0,0.0,1.0,0.0,64896.0,0.0,64896.0,0.0,server->client,0,benign
b_CMZk0mqVbcVC46043,192.168.100.49,23.211.9.127,1,0,2023-07-21 04:46:43.538355968,ssl,22.839813,7.0,8.0,2.0,2.0,0.306482,0.350266,0.656748,1.142857,244.0,32.0,44.0,264.0,32.0,40.0,3.0,2.0,0.0,2.0,2.0,14.0,33.756844,64896.0,65160.0,506.0,505.0,client->internet,0,benign
b_C5OGGD2Fa1V9APROC6,192.168.100.115,192.168.100.218,1,0,2023-07-21 11:44:42.270190080,ssl,0.247607,8.0,7.0,3.0,3.0,32.309265,28.270607,60.579872,0.875,264.0,32.0,40.0,232.0,32.0,40.0,2.0,2.0,0.0,3.0,3.0,14.0,18246.657537,64896.0,64320.0,502.0,502.0,client->server,0,benign
b_CeTDKy833rJhKmsMi,192.168.100.23,192.168.100.189,1,0,2023-09-12 23:29:11.539604992,ftp-data,0.019518,4.0,4.0,0.0,2.0,204.937592,204.937592,409.875185,1.0,136.0,32.0,40.0,136.0,32.0,40.0,2.0,2.0,0.0,0.0,2.0,7.0,356386.473145,64896.0,64320.0,502.0,503.0,client->server,0,benign
b_Co9xnx1gOstxWMUPg5,192.168.100.49,192.168.100.218,1,0,2023-07-08 09:59:15.096792064,ssl,0.112246,13.0,12.0,4.0,7.0,115.817007,106.908006,222.725013,0.923077,424.0,32.0,40.0,392.0,32.0,40.0,2.0,2.0,0.0,4.0,7.0,24.0,357687.462661,64896.0,64320.0,758.0,502.0,client->server,0,benign
Ckz8kA1EFtnVvcoz95,192.168.100.218,192.168.100.104,1,0,2023-09-07 12:45:32.836489984,,0.000317,1.0,1.0,0.0,0.0,3153.61203,3153.61203,6307.22406,1.0,40.0,40.0,40.0,20.0,20.0,20.0,0.0,1.0,1.0,0.0,0.0,1.0,0.0,64896.0,0.0,64896.0,0.0,server->client,0,benign
CpRRVT1BXpd7928A19,192.168.100.218,192.168.100.104,1,0,2023-09-10 08:32:08.244807936,,0.00113,1.0,1.0,0.0,0.0,884.874262,884.874262,1769.748523,1.0,40.0,40.0,40.0,20.0,20.0,20.0,0.0,1.0,1.0,0.0,0.0,1.0,0.0,64896.0,0.0,64896.0,0.0,server->client,0,benign
b_CB5ub1kwyKZL4e4Kh,192.168.100.99,192.168.100.218,1,0,2023-07-18 18:03:14.114851072,ssl,0.034228,12.0,11.0,4.0,7.0,350.589274,321.373502,671.962776,0.916667,392.0,32.0,40.0,360.0,32.0,40.0,2.0,2.0,0.0,4.0,7.0,22.0,637458.948169,64896.0,64320.0,531.0,502.0,client->server,0,benign
b_CeJcxW3Cyhqqqs42v2,192.168.100.99,192.168.100.218,1,0,2023-07-08 20:02:58.430084864,ssl,0.348113,11.0,10.0,4.0,5.0,31.598929,28.726299,60.325229,0.909091,360.0,32.0,40.0,328.0,32.0,40.0,2.0,2.0,0.0,4.0,5.0,20.0,39415.35546,64896.0,64320.0,502.0,502.0,client->server,0,benign
b_Cc4xoa1yBdVmCs1wva,192.168.100.99,192.168.100.218,1,0,2023-07-08 12:12:55.244146944,ssl,0.028363,11.0,10.0,3.0,6.0,387.829359,352.572144,740.401503,0.909091,360.0,32.0,40.0,328.0,32.0,40.0,2.0,2.0,0.0,3.0,6.0,20.0,735148.178039,64896.0,64320.0,527.0,502.0,client->server,0,benign
b_CEmARF2EAPsjkMKaD2,192.168.100.104,192.168.100.218,1,0,2023-07-20 15:20:42.814992896,http,0.596767,12.0,11.0,5.0,4.0,20.108344,18.432649,38.540993,0.916667,392.0,32.0,40.0,360.0,32.0,40.0,2.0,2.0,0.0,5.0,4.0,22.0,13631.781666,64896.0,64320.0,502.0,502.0,client->server,0,benign
b_CI3ViMphxQ8GBdqs6,192.168.100.49,192.168.100.218,1,0,2023-07-20 20:20:47.338759936,ssl,0.335868,12.0,12.0,4.0,7.0,35.728309,35.728309,71.456618,1.0,392.0,32.0,40.0,392.0,32.0,40.0,2.0,2.0,0.0,4.0,7.0,23.0,111314.52422,64896.0,64320.0,525.0,502.0,client->server,0,benign
ChNroC4gF3KNXJVyok,192.168.100.218,192.168.100.115,1,0,2023-09-07 08:03:53.613594112,,0.000772,1.0,1.0,0.0,0.0,1295.337863,1295.337863,2590.675726,1.0,40.0,40.0,40.0,20.0,20.0,20.0,0.0,1.0,1.0,0.0,0.0,1.0,0.0,64896.0,0.0,64896.0,0.0,server->client,0,benign
CblPub11dy0wngPUi6,192.168.100.218,192.168.100.115,1,0,2023-09-09 20:40:34.451153152,,0.000209,1.0,1.0,0.0,0.0,4788.018265,4788.018265,9576.03653,1.0,40.0,40.0,40.0,20.0,20.0,20.0,0.0,1.0,1.0,0.0,0.0,1.0,0.0,64896.0,0.0,64896.0,0.0,server->client,0,benign
b_CCdjkj1Wh5WEvSCYrg,192.168.100.104,192.168.100.218,1,0,2023-07-21 14:28:15.855343104,http,8.464522,10.0,10.0,4.0,4.0,1.181402,1.181402,2.362803,1.0,328.0,32.0,40.0,328.0,32.0,40.0,2.0,2.0,0.0,4.0,4.0,19.0,678.124539,64896.0,64320.0,502.0,502.0,client->server,0,benign
C1LPgYUJ5eTDRFWpb,192.168.100.218,192.168.100.23,1,0,2023-09-07 01:22:54.134068992,,0.000496,1.0,1.0,0.0,0.0,2015.523306,2015.523306,4031.046612,1.0,40.0,40.0,40.0,20.0,20.0,20.0,0.0,1.0,1.0,0.0,0.0,1.0,0.0,64896.0,0.0,64896.0,0.0,server->client,0,benign
b_C5rljwK2UhbzvcKp9,192.168.100.99,130.211.44.5,1,0,2023-07-20 00:21:13.162717952,ssl,3.833545,11.0,10.0,3.0,4.0,2.869407,2.608552,5.477958,0.909091,360.0,32.0,40.0,328.0,32.0,40.0,2.0,2.0,0.0,3.0,4.0,20.0,2360.73923,64896.0,65535.0,502.0,282.0,client->internet,0,benign
b_Cj3L4V3eMoVlYeJush,192.168.100.49,192.168.100.218,1,0,2023-07-21 01:38:15.267083008,http,0.650576,13.0,13.0,6.0,5.0,19.982289,19.982289,39.964578,1.0,424.0,32.0,40.0,424.0,32.0,40.0,2.0,2.0,0.0,6.0,5.0,25.0,19175.312033,64896.0,64320.0,502.0,502.0,client->server,0,benign
b_CrsUJW2nbwg6YHfg8a,192.168.100.31,192.168.100.218,1,0,2023-07-20 11:42:39.267385856,http,0.608894,10.0,9.0,4.0,3.0,16.423217,14.780895,31.204112,0.9,328.0,32.0,40.0,296.0,32.0,40.0,2.0,2.0,0.0,4.0,3.0,18.0,12773.978062,64896.0,64320.0,502.0,502.0,client->server,0,benign
b_Cy0ZE22G8ueiJbU4Qa,192.168.100.104,192.168.100.218,1,0,2023-07-07 22:41:35.448212992,http,0.487498,12.0,12.0,5.0,5.0,24.615495,24.615495,49.230991,1.0,392.0,32.0,40.0,392.0,32.0,40.0,2.0,2.0,0.0,5.0,5.0,23.0,20121.116174,64896.0,64320.0,502.0,502.0,client->server,0,benign
CpVIrt1FpwvDYUFDA9,192.168.100.218,192.168.100.49,1,0,2023-09-07 09:18:18.665872128,,0.000381,1.0,1.0,0.0,0.0,2624.720901,2624.720901,5249.441802,1.0,40.0,40.0,40.0,20.0,20.0,20.0,0.0,1.0,1.0,0.0,0.0,1.0,0.0,64896.0,0.0,64896.0,0.0,server->client,0,benign
CU9VUzwBTMrWL4Hb,192.168.100.218,192.168.100.49,1,0,2023-09-08 06:52:23.666344960,,0.001026,1.0,1.0,0.0,0.0,974.513011,974.513011,1949.026022,1.0,40.0,40.0,40.0,20.0,20.0,20.0,0.0,1.0,1.0,0.0,0.0,1.0,0.0,64896.0,0.0,64896.0,0.0,server->client,0,benign
b_CiAFRu4na8gj13raA3,192.168.100.104,95.101.149.241,1,0,2023-07-08 07:16:56.632850944,ssl,30.675618,8.0,8.0,2.0,2.0,0.260793,0.260793,0.521587,1.0,276.0,32.0,44.0,264.0,32.0,40.0,3.0,2.0,0.0,2.0,2.0,15.0,25.133968,64896.0,65160.0,506.0,505.0,client->internet,0,benign
CMPifXHytMGelbor6,192.168.100.218,192.168.100.104,1,0,2023-09-08 13:53:24.449195008,,0.000911,1.0,1.0,0.0,0.0,1097.697985,1097.697985,2195.39597,1.0,40.0,40.0,40.0,20.0,20.0,20.0,0.0,1.0,1.0,0.0,0.0,1.0,0.0,64896.0,0.0,64896.0,0.0,server->client,0,benign
CzjKuk4LniBmJ48A99,192.168.100.218,192.168.100.31,1,0,2023-09-07 01:48:21.887979008,,0.000394,1.0,1.0,0.0,0.0,2538.924939,2538.924939,5077.849879,1.0,40.0,40.0,40.0,20.0,20.0,20.0,0.0,1.0,1.0,0.0,0.0,1.0,0.0,64896.0,0.0,64896.0,0.0,server->client,0,benign
CPwXcpFQ2wttCzy18,192.168.100.218,192.168.100.104,1,0,2023-09-08 10:44:54.244282880,,0.0003,1.0,1.0,0.0,0.0,3334.104928,3334.104928,6668.209857,1.0,40.0,40.0,40.0,20.0,20.0,20.0,0.0,1.0,1.0,0.0,0.0,1.0,0.0,64896.0,0.0,64896.0,0.0,server->client,0,benign
Ctr56i3auwvN7Ay4Kl,192.168.100.218,192.168.100.115,1,0,2023-09-10 03:30:36.157047040,,0.001002,1.0,1.0,0.0,0.0,997.931002,997.931002,1995.862003,1.0,40.0,40.0,40.0,20.0,20.0,20.0,0.0,1.0,1.0,0.0,0.0,1.0,0.0,64896.0,0.0,64896.0,0.0,server->client,0,benign
CFG9hn24jPcBgvY8U7,192.168.100.218,192.168.100.31,1,0,2023-09-07 21:07:26.155805952,,0.000241,1.0,1.0,0.0,0.0,4148.668645,4148.668645,8297.33729,1.0,40.0,40.0,40.0,20.0,20.0,20.0,0.0,1.0,1.0,0.0,0.0,1.0,0.0,64896.0,0.0,64896.0,0.0,server->client,0,benign
CiCdC01454v2SQ06kd,192.168.100.218,192.168.100.104,1,0,2023-09-10 13:22:37.649699840,,0.000254,1.0,1.0,0.0,0.0,3934.619137,3934.619137,7869.238274,1.0,40.0,40.0,40.0,20.0,20.0,20.0,0.0,1.0,1.0,0.0,0.0,1.0,0.0,64896.0,0.0,64896.0,0.0,server->client,0,benign
b_CmmjTv1zY8iSl2ziWa,192.168.100.104,192.168.100.218,1,0,2023-07-06 00:52:40.406672128,http,0.577505,12.0,13.0,6.0,5.0,20.779037,22.510623,43.28966,1.083333,392.0,32.0,40.0,424.0,32.0,40.0,2.0,2.0,0.0,6.0,5.0,24.0,21449.160794,64896.0,64320.0,502.0,502.0,client->server,0,benign
b_CHFdtb1UY6AFRIknS5,192.168.100.115,192.168.100.218,1,0,2023-07-05 07:25:45.239328000,,0.100642,4.0,2.0,0.0,0.0,39.744757,19.872379,59.617136,0.5,136.0,32.0,40.0,72.0,32.0,40.0,2.0,2.0,0.0,0.0,0.0,5.0,0.0,64896.0,64320.0,507.0,503.0,client->server,0,benign
b_CI4fp296CRfu3J0zh,192.168.100.104,192.168.100.218,1,0,2023-07-06 02:11:20.461040128,ssl,0.096089,10.0,9.0,4.0,5.0,104.070308,93.663277,197.733585,0.9,328.0,32.0,40.0,296.0,32.0,40.0,2.0,2.0,0.0,4.0,5.0,18.0,50182.702575,64896.0,64320.0,502.0,502.0,client->server,0,benign
b_CO3KF6Wej2vK49el,192.168.100.23,192.168.100.218,1,0,2023-07-08 11:49:48.147042048,ssl,0.303005,12.0,11.0,5.0,6.0,39.603309,36.303034,75.906343,0.916667,392.0,32.0,40.0,360.0,32.0,40.0,2.0,2.0,0.0,5.0,6.0,22.0,59480.870561,64896.0,64320.0,502.0,502.0,client->server,0,benign
b_CKkvtF150NmqiA3982,192.168.100.49,192.168.100.218,1,0,2023-07-07 21:18:19.615447040,ssl,12.419836,12.0,11.0,3.0,7.0,0.966196,0.88568,1.851876,0.916667,392.0,32.0,40.0,360.0,32.0,40.0,2.0,2.0,0.0,3.0,7.0,22.0,3147.626093,64896.0,64320.0,502.0,502.0,client->server,0,benign
b_CvnplT30h20cShxRqe,192.168.100.49,192.168.100.218,1,0,2023-07-20 10:35:24.022768896,http,0.253524,10.0,9.0,5.0,4.0,39.443987,35.499589,74.943576,0.9,328.0,32.0,40.0,296.0,32.0,40.0,2.0,2.0,0.0,5.0,4.0,18.0,33649.665563,64896.0,64320.0,502.0,502.0,client->server,0,benign
b_CfCOSW25yQg6RLB409,192.168.100.104,23.213.161.225,1,0,2023-07-08 04:24:00.572731904,ssl,20.370496,10.0,9.0,2.0,4.0,0.490906,0.441815,0.932722,0.9,328.0,32.0,40.0,296.0,32.0,40.0,2.0,2.0,0.0,2.0,4.0,18.0,64.946872,64896.0,65160.0,503.0,505.0,client->internet,0,benign
Cp7pFX3jQH7Oqlf1Fe,192.168.100.218,192.168.100.49,1,0,2023-09-07 09:18:17.894459136,,0.000856,1.0,1.0,0.0,0.0,1168.329805,1168.329805,2336.65961,1.0,40.0,40.0,40.0,20.0,20.0,20.0,0.0,1.0,1.0,0.0,0.0,1.0,0.0,64896.0,0.0,64896.0,0.0,server->client,0,benign
Crsl5P14gIYZbXMpI7,192.168.100.218,192.168.100.23,1,0,2023-09-06 19:47:57.376811008,,0.000256,1.0,1.0,0.0,0.0,3905.310987,3905.310987,7810.621974,1.0,40.0,40.0,40.0,20.0,20.0,20.0,0.0,1.0,1.0,0.0,0.0,1.0,0.0,64896.0,0.0,64896.0,0.0,server->client,0,benign
b_CUrPom13Xu2K870qP5,192.168.100.23,192.168.100.218,1,0,2023-07-20 01:52:04.691365888,http,0.469092,11.0,11.0,5.0,4.0,23.449551,23.449551,46.899103,1.0,360.0,32.0,40.0,360.0,32.0,40.0,2.0,2.0,0.0,5.0,4.0,21.0,22767.382571,64896.0,64320.0,502.0,502.0,client->server,0,benign
b_COOc8d2vZO4S5Fmjck,192.168.100.99,192.168.100.218,1,0,2023-07-18 23:51:01.947761152,http,0.348567,8.0,7.0,3.0,2.0,22.951111,20.082222,43.033333,0.875,264.0,32.0,40.0,232.0,32.0,40.0,2.0,2.0,0.0,3.0,2.0,14.0,16851.853012,64896.0,64320.0,503.0,502.0,client->server,0,benign
CslFK323pltk65OmT3,192.168.100.218,192.168.100.23,1,0,2023-09-06 15:38:04.216525056,,0.000353,1.0,1.0,0.0,0.0,2833.989189,2833.989189,5667.978378,1.0,40.0,40.0,40.0,20.0,20.0,20.0,0.0,1.0,1.0,0.0,0.0,1.0,0.0,64896.0,0.0,64896.0,0.0,server->client,0,benign
b_CY4Qs22uWmfFoYjOZe,192.168.100.23,192.168.100.218,1,0,2023-07-21 04:20:41.056314880,http,0.597997,9.0,9.0,4.0,3.0,15.050244,15.050244,30.100488,1.0,296.0,32.0,40.0,296.0,32.0,40.0,2.0,2.0,0.0,4.0,3.0,17.0,13797.729232,64896.0,64320.0,502.0,502.0,client->server,0,benign
b_CBu5XN1379hoIPuJCk,192.168.100.23,192.168.100.218,1,0,2023-07-21 07:39:57.410202880,http,0.256606999,10.0,9.0,4.0,4.0,38.97009,35.073081,74.043171,0.9,328.0,32.0,40.0,296.0,32.0,40.0,2.0,2.0,0.0,4.0,4.0,18.0,33783.170839,64896.0,64320.0,502.0,502.0,client->server,0,benign
b_CRxlE9FMSaUmgFUt7,192.168.100.31,192.168.100.189,1,0,2023-09-12 22:41:33.033457920,ftp-data,0.007485,4.0,4.0,0.0,2.0,534.408358,534.408358,1068.816717,1.0,136.0,32.0,40.0,136.0,32.0,40.0,2.0,2.0,0.0,0.0,2.0,7.0,376490.688412,64896.0,64320.0,502.0,503.0,client->server,0,benign
b_CcxIFb3ZWiEDkrrbca,192.168.100.115,192.168.100.218,1,0,2023-07-05 04:49:41.570223104,http,0.433511,10.0,10.0,4.0,4.0,23.067464,23.067464,46.134929,1.0,328.0,32.0,40.0,328.0,32.0,40.0,2.0,2.0,0.0,4.0,4.0,19.0,18606.2168,64896.0,64320.0,502.0,502.0,client->server,0,benign
b_CNr9GnyYWSHEwPYMb,192.168.100.104,192.168.100.218,1,0,2023-07-08 17:41:22.854469888,ssl,0.036902,9.0,8.0,3.0,4.0,243.889545,216.790707,460.680252,0.888889,296.0,32.0,40.0,264.0,32.0,40.0,2.0,2.0,0.0,3.0,4.0,16.0,261666.382974,64896.0,64320.0,502.0,502.0,client->server,0,benign
b_CltjbY2PtqLqbPBL77,192.168.100.49,192.168.100.218,1,0,2023-07-08 00:33:29.195779072,http,0.579373,13.0,12.0,5.0,5.0,22.438054,20.71205,43.150104,0.923077,424.0,32.0,40.0,392.0,32.0,40.0,2.0,2.0,0.0,5.0,5.0,24.0,18300.821999,64896.0,64320.0,502.0,502.0,client->server,0,benign
b_CoGiiG1TbRbqmnJs6,192.168.100.115,192.168.100.218,1,0,2023-07-20 14:13:50.339417856,http,0.415423,13.0,12.0,5.0,5.0,31.293393,28.886209,60.179602,0.923077,424.0,32.0,40.0,392.0,32.0,40.0,2.0,2.0,0.0,5.0,5.0,24.0,25942.222706,64896.0,64320.0,502.0,502.0,client->server,0,benign
b_C65wZN23CRjTDNnmGl,192.168.100.49,130.211.44.5,1,0,2023-07-08 12:03:48.999514112,ssl,4.996613,11.0,10.0,3.0,4.0,2.201491,2.001356,4.202847,0.909091,360.0,32.0,40.0,328.0,32.0,40.0,2.0,2.0,0.0,3.0,4.0,20.0,1718.9645,64896.0,65535.0,502.0,282.0,client->internet,0,benign
C9VLdy4maPW72S7KDe,192.168.100.218,192.168.100.99,1,0,2023-09-07 05:32:15.562653184,,0.000919,1.0,1.0,0.0,0.0,1088.29891,1088.29891,2176.59782,1.0,40.0,40.0,40.0,20.0,20.0,20.0,0.0,1.0,1.0,0.0,0.0,1.0,0.0,64896.0,0.0,64896.0,0.0,server->client,0,benign
b_CM2fkA32LvZmTNemgj,192.168.100.49,192.168.100.218,1,0,2023-07-05 10:43:33.615175936,http,0.307993,10.0,9.0,4.0,4.0,32.468277,29.221449,61.689727,0.9,328.0,32.0,40.0,296.0,32.0,40.0,2.0,2.0,0.0,4.0,4.0,18.0,26880.486707,64896.0,64320.0,502.0,502.0,client->server,0,benign
CmnC8X1Pkb7EggNGk1,192.168.100.218,192.168.100.104,1,0,2023-09-07 12:45:23.894924032,,0.000486,1.0,1.0,0.0,0.0,2057.039725,2057.039725,4114.079451,1.0,40.0,40.0,40.0,20.0,20.0,20.0,0.0,1.0,1.0,0.0,0.0,1.0,0.0,64896.0,0.0,64896.0,0.0,server->client,0,benign
b_CeHqxJY060m2mJwKb,192.168.100.99,192.168.100.218,1,0,2023-07-19 02:10:15.781691904,http,0.576575,13.0,12.0,5.0,5.0,22.546935,20.812555,43.35949,0.923077,424.0,32.0,40.0,392.0,32.0,40.0,2.0,2.0,0.0,5.0,5.0,24.0,18028.876146,64896.0,64320.0,502.0,502.0,client->server,0,benign
b_CgRk9a2jwVBxc5duf9,192.168.100.115,20.107.224.2,1,0,2023-07-05 11:08:23.458213120,ssl,15.296787,9.0,8.0,3.0,4.0,0.588359,0.522986,1.111344,0.888889,296.0,32.0,40.0,264.0,32.0,40.0,2.0,2.0,0.0,3.0,4.0,16.0,934.313852,64896.0,65535.0,502.0,16384.0,client->internet,0,benign
b_CvIIUb2nEmEq6jo5I1,192.168.100.31,23.58.218.11,1,0,2023-07-18 22:38:31.904177920,ssl,19.083188,7.0,8.0,2.0,2.0,0.366815,0.419217,0.786032,1.142857,244.0,32.0,44.0,264.0,32.0,40.0,3.0,2.0,0.0,2.0,2.0,14.0,40.402054,64896.0,65160.0,506.0,505.0,client->internet,0,benign
b_CG7XeQ1tJhTelMdrG9,192.168.100.23,192.168.100.218,1,0,2023-07-08 10:40:00.952946944,,0.01064,4.0,2.0,0.0,0.0,375.934749,187.967375,563.902124,0.5,136.0,32.0,40.0,72.0,32.0,40.0,2.0,2.0,0.0,0.0,0.0,5.0,0.0,64896.0,64320.0,507.0,503.0,client->server,0,benign
b_CH2ylj2tzhxC9VO7fc,192.168.100.104,192.168.100.218,1,0,2023-07-20 10:30:55.827933184,,0.00445,4.0,2.0,0.0,0.0,898.907844,449.453922,1348.361766,0.5,136.0,32.0,40.0,72.0,32.0,40.0,2.0,2.0,0.0,0.0,0.0,5.0,0.0,64896.0,64320.0,507.0,503.0,client->server,0,benign
b_CuyvaM2uVe5qmkHMJ3,192.168.100.23,192.168.100.218,1,0,2023-07-05 20:11:07.345041920,ssl,0.327019,10.0,11.0,5.0,5.0,30.579265,33.637192,64.216457,1.1,328.0,32.0,40.0,360.0,32.0,40.0,2.0,2.0,0.0,5.0,5.0,20.0,28178.792885,64896.0,64320.0,502.0,502.0,client->server,0,benign
CoBGLn1EeoLCPNInBc,192.168.100.218,192.168.100.31,1,0,2023-09-07 01:18:23.424050176,,0.000352,1.0,1.0,0.0,0.0,2841.669377,2841.669377,5683.338753,1.0,40.0,40.0,40.0,20.0,20.0,20.0,0.0,1.0,1.0,0.0,0.0,1.0,0.0,64896.0,0.0,64896.0,0.0,server->client,0,benign
b_CfgNFv2ZEK7EdIdMu8,192.168.100.23,192.168.100.218,1,0,2023-07-21 19:04:39.398732800,http,0.268204,8.0,7.0,3.0,2.0,29.828018,26.099516,55.927533,0.875,264.0,32.0,40.0,232.0,32.0,40.0,2.0,2.0,0.0,3.0,2.0,14.0,19175.686907,64896.0,64320.0,504.0,502.0,client->server,0,benign
ClEjhzgzhsstyBY0j,192.168.100.218,192.168.100.115,1,0,2023-09-08 01:30:03.412445184,,0.000875,1.0,1.0,0.0,0.0,1142.862125,1142.862125,2285.724251,1.0,40.0,40.0,40.0,20.0,20.0,20.0,0.0,1.0,1.0,0.0,0.0,1.0,0.0,64896.0,0.0,64896.0,0.0,server->client,0,benign
b_COMpas4wR2SvsUm4rg,192.168.100.49,192.168.100.218,1,0,2023-07-19 12:44:59.458151936,,0.015171,4.0,2.0,0.0,0.0,263.660045,131.830023,395.490068,0.5,136.0,32.0,40.0,72.0,32.0,40.0,2.0,2.0,0.0,0.0,0.0,5.0,0.0,64896.0,64320.0,507.0,503.0,client->server,0,benign
b_CfuKgMGf649Tk9xv7,192.168.100.99,192.168.100.218,1,0,2023-07-08 18:42:17.852275968,http,0.341482,10.0,9.0,4.0,3.0,29.284127,26.355714,55.639841,0.9,328.0,32.0,40.0,296.0,32.0,40.0,2.0,2.0,0.0,4.0,3.0,18.0,26847.687547,64896.0,64320.0,502.0,502.0,client->server,0,benign
CUWDgo4XdQ7j310cvb,192.168.100.218,192.168.100.104,1,0,2023-09-10 13:41:56.974860800,,0.000917,1.0,1.0,0.0,0.0,1090.279179,1090.279179,2180.558357,1.0,40.0,40.0,40.0,20.0,20.0,20.0,0.0,1.0,1.0,0.0,0.0,1.0,0.0,64896.0,0.0,64896.0,0.0,server->client,0,benign
b_CfZwlI1jXnFYfnbnTd,192.168.100.115,192.168.100.218,1,0,2023-07-19 00:23:46.721821952,,0.024155,4.0,2.0,0.0,0.0,165.59786,82.79893,248.39679,0.5,136.0,32.0,40.0,72.0,32.0,40.0,2.0,2.0,0.0,0.0,0.0,5.0,0.0,64896.0,64320.0,507.0,503.0,client->server,0,benign
b_Cj8DlT2BxPV1dlZwhi,192.168.100.115,192.168.100.218,1,0,2023-07-20 02:18:09.228367104,http,0.085474,7.0,6.0,2.0,2.0,81.896235,70.196773,152.093009,0.857143,232.0,32.0,40.0,200.0,32.0,40.0,2.0,2.0,0.0,2.0,2.0,12.0,20637.851338,64896.0,64320.0,503.0,502.0,client->server,0,benign
b_CGpRLHF1AQQXCZxe2,192.168.100.31,192.168.100.218,1,0,2023-07-05 02:39:53.414835968,http,22.82733,12.0,11.0,5.0,4.0,0.525686,0.481879,1.007564,0.916667,392.0,32.0,40.0,360.0,32.0,40.0,2.0,2.0,0.0,5.0,4.0,22.0,392.862413,64896.0,64320.0,502.0,502.0,client->server,0,benign
CJ4V9UyLtOq9zvoIb,192.168.100.218,192.168.100.115,1,0,2023-09-07 21:16:17.865263104,,0.000409,1.0,1.0,0.0,0.0,2444.2331,2444.2331,4888.4662,1.0,40.0,40.0,40.0,20.0,20.0,20.0,0.0,1.0,1.0,0.0,0.0,1.0,0.0,64896.0,0.0,64896.0,0.0,server->client,0,benign
b_CbvyXc4x4liJN6PvZ1,192.168.100.23,192.168.100.218,1,0,2023-07-20 08:56:02.255290112,http,0.599484,13.0,12.0,5.0,5.0,21.685317,20.017216,41.702533,0.923077,424.0,32.0,40.0,392.0,32.0,40.0,2.0,2.0,0.0,5.0,5.0,24.0,17656.852536,64896.0,64320.0,502.0,502.0,client->server,0,benign
CaiVqA153xMIlhLhs3,192.168.100.218,192.168.100.49,1,0,2023-09-09 21:29:26.753808896,,0.000919,1.0,1.0,0.0,0.0,1088.016602,1088.016602,2176.033204,1.0,40.0,40.0,40.0,20.0,20.0,20.0,0.0,1.0,1.0,0.0,0.0,1.0,0.0,64896.0,0.0,64896.0,0.0,server->client,0,benign
b_Ci7Kyl2ZW2ILXXRqdf,192.168.100.49,23.197.7.132,1,0,2023-07-08 16:39:47.445393152,ssl,0.146603,8.0,7.0,1.0,3.0,54.569191,47.748042,102.317234,0.875,264.0,32.0,40.0,232.0,32.0,40.0,2.0,2.0,0.0,1.0,3.0,14.0,45537.990109,64896.0,65160.0,502.0,506.0,client->internet,0,benign
CoQPhh2pOeBgw0OEx2,192.168.100.218,192.168.100.23,1,0,2023-09-07 11:54:17.919760896,,0.001253,1.0,1.0,0.0,0.0,798.003044,798.003044,1596.006088,1.0,40.0,40.0,40.0,20.0,20.0,20.0,0.0,1.0,1.0,0.0,0.0,1.0,0.0,64896.0,0.0,64896.0,0.0,server->client,0,benign
b_CFoR1uxuRhOQKmHP1,192.168.100.115,192.168.100.218,1,0,2023-07-05 06:33:35.765714944,http,0.308554,10.0,9.0,4.0,3.0,32.40922,29.168298,61.577518,0.9,328.0,32.0,40.0,296.0,32.0,40.0,2.0,2.0,0.0,4.0,3.0,18.0,9453.769418,64896.0,64320.0,502.0,502.0,client->server,0,benign
b_Cm6fp81zu1Yd7JBodi,192.168.100.23,192.168.100.218,1,0,2023-07-21 20:32:11.891796224,ssl,0.344799,10.0,11.0,5.0,5.0,29.002421,31.902663,60.905084,1.1,328.0,32.0,40.0,360.0,32.0,40.0,2.0,2.0,0.0,5.0,5.0,20.0,25817.955034,64896.0,64320.0,502.0,502.0,client->server,0,benign
b_CpkxGH1NBReRE25qZd,192.168.100.49,192.168.100.218,1,0,2023-07-18 18:19:27.058360064,http,0.369054,10.0,10.0,5.0,4.0,27.096317,27.096317,54.192635,1.0,328.0,32.0,40.0,328.0,32.0,40.0,2.0,2.0,0.0,5.0,4.0,19.0,25177.898119,64896.0,64320.0,502.0,502.0,client->server,0,benign
b_CxXeX93ViT6bqKRtvi,192.168.100.104,192.168.100.218,1,0,2023-07-19 02:56:44.926534912,http,0.442584,10.0,11.0,5.0,4.0,22.594579,24.854037,47.448616,1.1,328.0,32.0,40.0,360.0,32.0,40.0,2.0,2.0,0.0,5.0,4.0,20.0,18848.397791,64896.0,64320.0,502.0,502.0,client->server,0,benign
CeIfYt3jEnIo0yjLxa,192.168.100.218,192.168.100.115,1,0,2023-09-07 18:45:36.742556928,,0.000257999,1.0,1.0,0.0,0.0,3876.436229,3876.436229,7752.872458,1.0,40.0,40.0,40.0,20.0,20.0,20.0,0.0,1.0,1.0,0.0,0.0,1.0,0.0,64896.0,0.0,64896.0,0.0,server->client,0,benign
C7Qkdp4mZkwmlNH3Ef,192.168.100.218,192.168.100.31,1,0,2023-09-10 00:38:47.975086848,,0.000416,1.0,1.0,0.0,0.0,2403.612607,2403.612607,4807.225215,1.0,40.0,40.0,40.0,20.0,20.0,20.0,0.0,1.0,1.0,0.0,0.0,1.0,0.0,64896.0,0.0,64896.0,0.0,server->client,0,benign
b_CmZydg3ypxFJTyd2B8,192.168.100.99,172.217.16.74,1,0,2023-07-19 14:09:41.726924032,http,0.896886,7.0,6.0,1.0,2.0,7.804781,6.689813,14.494594,0.857143,232.0,32.0,40.0,200.0,32.0,40.0,2.0,2.0,0.0,1.0,2.0,12.0,1094.899329,64896.0,65535.0,502.0,261.0,client->internet,0,benign
b_C3lEZ82iRvDCyoJW8l,192.168.100.23,130.211.44.5,1,0,2023-07-05 06:05:28.223288064,ssl,3.763069,10.0,10.0,3.0,4.0,2.657405,2.657405,5.314811,1.0,328.0,32.0,40.0,328.0,32.0,40.0,2.0,2.0,0.0,3.0,4.0,19.0,2497.429681,64896.0,65535.0,502.0,282.0,client->internet,0,benign
ChL3Ij38C3HTiwLcvh,192.168.100.218,192.168.100.31,1,0,2023-09-09 15:11:18.335949056,,0.001069,1.0,1.0,0.0,0.0,935.393399,935.393399,1870.786798,1.0,40.0,40.0,40.0,20.0,20.0,20.0,0.0,1.0,1.0,0.0,0.0,1.0,0.0,64896.0,0.0,64896.0,0.0,server->client,0,benign
b_CETDEoe3YVEQJaVBk,192.168.100.99,184.28.181.164,1,0,2023-07-20 13:17:07.047454976,ssl,10.256998999,10.0,9.0,2.0,4.0,0.974944,0.87745,1.852394,0.9,328.0,32.0,40.0,296.0,32.0,40.0,2.0,2.0,0.0,2.0,4.0,18.0,126.255252,64896.0,65160.0,503.0,505.0,client->internet,0,benign
b_CnA1jD1FKl1TMiHnZc,192.168.100.104,192.168.100.218,1,0,2023-07-05 20:00:59.387463936,http,0.431972,10.0,9.0,4.0,3.0,23.149647,20.834682,43.98433,0.9,328.0,32.0,40.0,296.0,32.0,40.0,2.0,2.0,0.0,4.0,3.0,18.0,13079.55064,64896.0,64320.0,502.0,502.0,client->server,0,benign
b_Cbh0UC1cX7kEeUNoHh,192.168.100.49,192.168.100.218,1,0,2023-07-21 22:08:50.529148160,http,0.573009,10.0,9.0,4.0,3.0,17.451732,15.706559,33.158292,0.9,328.0,32.0,40.0,296.0,32.0,40.0,2.0,2.0,0.0,4.0,3.0,18.0,12895.0851,64896.0,64320.0,502.0,502.0,client->server,0,benign
CzGdjK2dEYVUCGnZc,192.168.100.218,192.168.100.23,1,0,2023-09-07 17:26:14.620100096,,0.001151,1.0,1.0,0.0,0.0,868.74565,868.74565,1737.491301,1.0,40.0,40.0,40.0,20.0,20.0,20.0,0.0,1.0,1.0,0.0,0.0,1.0,0.0,64896.0,0.0,64896.0,0.0,server->client,0,benign
b_CWmLVp1RND1UFp8wk9,192.168.100.23,192.168.100.218,1,0,2023-07-21 15:24:00.435867904,http,27.224034,9.0,8.0,3.0,3.0,0.33059,0.293858,0.624448,0.888889,296.0,32.0,40.0,264.0,32.0,40.0,2.0,2.0,0.0,3.0,3.0,16.0,99.397466,64896.0,64320.0,502.0,502.0,client->server,0,benign
b_CFS3NP1a205Jyt1K8k,192.168.100.31,192.168.100.218,1,0,2023-07-20 06:19:34.737509888,http,0.009203,5.0,3.0,1.0,0.0,543.303627,325.982176,869.285803,0.6,168.0,32.0,40.0,104.0,32.0,40.0,2.0,2.0,0.0,1.0,0.0,7.0,46180.80829,64896.0,64320.0,507.0,502.0,client->server,0,benign
CgRYeF2JT5z0mvj3J7,192.168.100.218,192.168.100.31,1,0,2023-09-10 09:47:47.175981056,,0.00115,1.0,1.0,0.0,0.0,869.646278,869.646278,1739.292557,1.0,40.0,40.0,40.0,20.0,20.0,20.0,0.0,1.0,1.0,0.0,0.0,1.0,0.0,64896.0,0.0,64896.0,0.0,server->client,0,benign
b_CSLI7L3ScxAlchnn61,192.168.100.49,192.168.100.218,1,0,2023-07-18 23:50:11.385787136,http,0.076655,10.0,9.0,5.0,5.0,130.454786,117.409307,247.864093,0.9,328.0,32.0,40.0,296.0,32.0,40.0,2.0,2.0,0.0,5.0,5.0,18.0,122888.408219,64896.0,64320.0,502.0,502.0,client->server,0,benign
b_C3u8zegEAa5yIMjl2,192.168.100.99,192.168.100.218,1,0,2023-07-19 01:03:08.508162048,http,0.119345,8.0,7.0,3.0,2.0,67.032581,58.653508,125.686089,0.875,264.0,32.0,40.0,232.0,32.0,40.0,2.0,2.0,0.0,3.0,2.0,14.0,40554.711458,64896.0,64320.0,502.0,502.0,client->server,0,benign
b_CpF9bn6bGj0SyOjzf,192.168.100.23,192.168.100.218,1,0,2023-07-19 05:42:45.571873792,http,0.526408,10.0,9.0,4.0,3.0,18.996665,17.096998,36.093663,0.9,328.0,32.0,40.0,296.0,32.0,40.0,2.0,2.0,0.0,4.0,3.0,18.0,15638.054404,64896.0,64320.0,502.0,502.0,client->server,0,benign
b_CdOQpc1oqxrR5ndRJ2,192.168.100.104,192.168.100.218,1,0,2023-07-08 08:00:25.605326848,http,0.354256,9.0,10.0,4.0,4.0,25.405346,28.228162,53.633507,1.111111,296.0,32.0,40.0,328.0,32.0,40.0,2.0,2.0,0.0,4.0,4.0,18.0,27403.899452,64896.0,64320.0,502.0,502.0,client->server,0,benign
CnIdnK2wQyVh82eXba,192.168.100.218,192.168.100.49,1,0,2023-09-07 22:43:06.125721856,,0.000333,1.0,1.0,0.0,0.0,3002.365068,3002.365068,6004.730136,1.0,40.0,40.0,40.0,20.0,20.0,20.0,0.0,1.0,1.0,0.0,0.0,1.0,0.0,64896.0,0.0,64896.0,0.0,server->client,0,benign
C6wJRl25jEfcmUIgl,192.168.100.218,192.168.100.31,1,0,2023-09-07 06:25:18.886523904,,0.000868,1.0,1.0,0.0,0.0,1151.964845,1151.964845,2303.92969,1.0,40.0,40.0,40.0,20.0,20.0,20.0,0.0,1.0,1.0,0.0,0.0,1.0,0.0,64896.0,0.0,64896.0,0.0,server->client,0,benign
b_CQ4Af5sRJ6GtK5L4,192.168.100.23,192.168.100.218,1,0,2023-07-21 18:04:17.076163072,ssl,15.06709,10.0,9.0,3.0,5.0,0.663698,0.597328,1.261027,0.9,328.0,32.0,40.0,296.0,32.0,40.0,2.0,2.0,0.0,3.0,5.0,18.0,1078.443147,64896.0,64320.0,502.0,502.0,client->server,0,benign
b_CBbg7ClMwhsUnVIH3,192.168.100.99,192.168.100.218,1,0,2023-07-21 01:30:39.690818048,http,0.568948,12.0,11.0,5.0,4.0,21.091557,19.333928,40.425485,0.916667,392.0,32.0,40.0,360.0,32.0,40.0,2.0,2.0,0.0,5.0,4.0,22.0,17962.976322,64896.0,64320.0,502.0,502.0,client->server,0,benign
b_CVTiKH2EY8TqPC0Zoc,192.168.100.23,23.197.7.132,1,0,2023-07-05 05:01:25.239250944,ssl,10.447433,7.0,8.0,2.0,3.0,0.670021,0.765738,1.435759,1.142857,232.0,32.0,40.0,264.0,32.0,40.0,2.0,2.0,0.0,2.0,3.0,14.0,75.808096,64896.0,65160.0,506.0,506.0,client->internet,0,benign
b_CkTw2g2WpX3Tzv6d9b,192.168.100.115,192.168.100.189,1,0,2023-09-12 22:06:03.368113920,ftp-data,0.025189,4.0,3.0,0.0,1.0,158.799962,119.099972,277.899934,0.75,136.0,32.0,40.0,104.0,32.0,40.0,2.0,2.0,0.0,0.0,1.0,6.0,88530.978893,64896.0,64320.0,502.0,503.0,client->server,0,benign
b_C59aTa1EP9W5SJSor3,192.168.100.49,172.217.16.74,1,0,2023-07-20 07:26:42.301762048,http,0.846549,7.0,6.0,1.0,2.0,8.268868,7.087601,15.356469,0.857143,232.0,32.0,40.0,200.0,32.0,40.0,2.0,2.0,0.0,1.0,2.0,12.0,1163.547813,64896.0,65535.0,502.0,261.0,client->internet,0,benign
